PokerStars Game #7867957679:  Hold'em No Limit ($0.50/$1.00) - 2014/06/05 - 17:59:14 (ET)
Table 'Herero' 6-max Seat #5 is the button
Seat 1: Player33 ($9 in chips)
Seat 2: Player34 ($24.60 in chips)
Seat 3: Player35 ($116.45 in chips)
Seat 4: SampleHero ($110.40 in chips)
Seat 5: Player36 ($62.55 in chips)
kayak4 will be allowed to play after the button
Player33: posts small blind $0.50
Player34: posts big blind $1
*** HOLE CARDS ***
Dealt to SampleHero [Ah 8h]
Player35: folds
SampleHero: raises $3 to $4
Player36: calls $4
Player33: folds
Player34: folds
*** FLOP *** [Tc 8c 6d]
SampleHero: bets $8
Player36: calls $8
*** TURN *** [Tc 8c 6d] [7h]
SampleHero: checks
Player36: checks
*** RIVER *** [Tc 8c 6d 7h] [Jd]
SampleHero: checks
Player36: bets $25
SampleHero: folds
Player36 collected $24.25 from pot
*** SUMMARY ***
Total pot $25.50 | Rake $1.25
Board [Tc 8c 6d 7h Jd]
Seat 1: Player33 (small blind) folded before Flop
Seat 2: Player34 (big blind) folded before Flop
Seat 3: Player35 folded before Flop (didn't bet)
Seat 4: SampleHero folded on the River
Seat 5: Player36 (button) collected ($24.25)
