PokerStars Hand #1591180296: Tournament #1089228582, $100+$10 USD Hold'em No Limit - Level XXXII (300000/600000) - 2023/02/15 16:42:27 ET
Table '1089228582 9' 8-max Seat #5 is the button
Seat 1: Player1_AwPh200 (7770012 in chips)
Seat 2: Player2_AwPh200 (6033372 in chips)
Seat 3: Player3_AwPh200 (10911980 in chips)
Seat 4: Player4_AwPh200 (4305500 in chips)
Seat 5: Player5_AwPh200 (12649360 in chips)
Seat 6: Player6_AwPh200 (4609602 in chips)
Seat 7: Player7_AwPh200 (29232255 in chips)
Seat 8: Player8_AwPh200 (8177806 in chips)
Player1_AwPh200: posts the ante 75000
Player2_AwPh200: posts the ante 75000
Player3_AwPh200: posts the ante 75000
Player4_AwPh200: posts the ante 75000
Player5_AwPh200: posts the ante 75000
Player6_AwPh200: posts the ante 75000
Player7_AwPh200: posts the ante 75000
Player8_AwPh200: posts the ante 75000
Player6_AwPh200: posts small blind 300000
Player7_AwPh200: posts big blind 600000
*** HOLE CARDS ***
Player8_AwPh200: folds
Player1_AwPh200: folds
Player2_AwPh200: folds
Player3_AwPh200: folds
Player4_AwPh200: raises 3630500 to 4230500 and is all-in
Player5_AwPh200: folds
Player6_AwPh200: raises 304102 to 4534602 and is all-in
Player7_AwPh200: folds
Uncalled bet (304102) returned to Player6_AwPh200
*** FLOP *** [7c Ts 2s]
*** TURN *** [7c Ts 2s] [Qs]
*** RIVER *** [7c Ts 2s Qs] [As]
*** SHOW DOWN ***
Player4_AwPh200: shows [9h Kh]
Player6_AwPh200: shows [9s Ac]
Player6_AwPh200 collected 9661000 from pot
*** SUMMARY ***
Total pot 9661000 | Rake 0
Board [7c Ts 2s Qs As]
Seat 1: Player1_AwPh200 folded before Flop (didn't bet)
Seat 2: Player2_AwPh200 folded before Flop (didn't bet)
Seat 3: Player3_AwPh200 folded before Flop (didn't bet)
Seat 4: Player4_AwPh200 showed [9h Kh] and lost
Seat 5: Player5_AwPh200 (button) folded before Flop (didn't bet)
Seat 6: Player6_AwPh200 (small blind) showed [9s Ac] and won (9661000)
Seat 7: Player7_AwPh200 (big blind) folded before Flop
Seat 8: Player8_AwPh200 folded before Flop (didn't bet)


PokerStars Hand #1591180874: Tournament #1089228582, $100+$10 USD Hold'em No Limit - Level XXXII (300000/600000) - 2023/02/15 16:43:05 ET
Table '1089228582 9' 8-max Seat #6 is the button
Seat 1: Player1_AwPh200 (7695012 in chips)
Seat 2: Player2_AwPh200 (5958372 in chips)
Seat 3: Player3_AwPh200 (10836980 in chips)
Seat 5: Player5_AwPh200 (12574360 in chips)
Seat 6: Player6_AwPh200 (9965102 in chips)
Seat 7: Player7_AwPh200 (28557255 in chips)
Seat 8: Player8_AwPh200 (8102806 in chips)
Player1_AwPh200: posts the ante 75000
Player2_AwPh200: posts the ante 75000
Player3_AwPh200: posts the ante 75000
Player5_AwPh200: posts the ante 75000
Player6_AwPh200: posts the ante 75000
Player7_AwPh200: posts the ante 75000
Player8_AwPh200: posts the ante 75000
Player7_AwPh200: posts small blind 300000
Player8_AwPh200: posts big blind 600000
*** HOLE CARDS ***
Player1_AwPh200: raises 7020012 to 7620012 and is all-in
Player2_AwPh200: folds
Player3_AwPh200: folds
Player5_AwPh200: folds
Player6_AwPh200: folds
Player7_AwPh200: folds
Player8_AwPh200: calls 7020012
*** FLOP *** [5h 5s 4d]
*** TURN *** [5h 5s 4d] [Th]
*** RIVER *** [5h 5s 4d Th] [3s]
*** SHOW DOWN ***
Player1_AwPh200: shows [Ah Qs]
Player8_AwPh200: shows [Jc Js]
Player8_AwPh200 collected 16065024 from pot
*** SUMMARY ***
Total pot 16065024 | Rake 0
Board [5h 5s 4d Th 3s]
Seat 1: Player1_AwPh200 showed [Ah Qs] and lost
Seat 2: Player2_AwPh200 folded before Flop (didn't bet)
Seat 3: Player3_AwPh200 folded before Flop (didn't bet)
Seat 5: Player5_AwPh200 folded before Flop (didn't bet)
Seat 6: Player6_AwPh200 (button) folded before Flop (didn't bet)
Seat 7: Player7_AwPh200 (small blind) folded before Flop
Seat 8: Player8_AwPh200 (big blind) showed [Jc Js] and won (16065024)


PokerStars Hand #1591181257: Tournament #1089228582, $100+$10 USD Hold'em No Limit - Level XXXII (300000/600000) - 2023/02/15 16:43:29 ET
Table '1089228582 9' 8-max Seat #7 is the button
Seat 2: Player2_AwPh200 (5883372 in chips)
Seat 3: Player3_AwPh200 (10761980 in chips)
Seat 5: Player5_AwPh200 (12499360 in chips)
Seat 6: Player6_AwPh200 (9890102 in chips)
Seat 7: Player7_AwPh200 (28182255 in chips)
Seat 8: Player8_AwPh200 (16472818 in chips)
Player2_AwPh200: posts the ante 75000
Player3_AwPh200: posts the ante 75000
Player5_AwPh200: posts the ante 75000
Player6_AwPh200: posts the ante 75000
Player7_AwPh200: posts the ante 75000
Player8_AwPh200: posts the ante 75000
Player8_AwPh200: posts small blind 300000
Player2_AwPh200: posts big blind 600000
*** HOLE CARDS ***
Player3_AwPh200: folds
Player5_AwPh200: folds
Player6_AwPh200: folds
Player7_AwPh200: calls 600000
Player8_AwPh200: calls 300000
Player2_AwPh200: raises 5208372 to 5808372 and is all-in
Player7_AwPh200: folds
Player8_AwPh200: calls 5208372
*** FLOP *** [6c Qd Kh]
*** TURN *** [6c Qd Kh] [Qs]
*** RIVER *** [6c Qd Kh Qs] [Js]
*** SHOW DOWN ***
Player2_AwPh200: shows [9s Ac]
Player8_AwPh200: shows [3c 3d]
Player8_AwPh200 collected 12666744 from pot
*** SUMMARY ***
Total pot 12666744 | Rake 0
Board [6c Qd Kh Qs Js]
Seat 2: Player2_AwPh200 (big blind) showed [9s Ac] and lost
Seat 3: Player3_AwPh200 folded before Flop (didn't bet)
Seat 5: Player5_AwPh200 folded before Flop (didn't bet)
Seat 6: Player6_AwPh200 folded before Flop (didn't bet)
Seat 7: Player7_AwPh200 (button) folded before Flop
Seat 8: Player8_AwPh200 (small blind) showed [3c 3d] and won (12666744)


PokerStars Hand #1591181701: Tournament #1089228582, $100+$10 USD Hold'em No Limit - Level XXXII (300000/600000) - 2023/02/15 16:44:01 ET
Table '1089228582 9' 8-max Seat #8 is the button
Seat 3: Player3_AwPh200 (10686980 in chips)
Seat 5: Player5_AwPh200 (12424360 in chips)
Seat 6: Player6_AwPh200 (9815102 in chips)
Seat 7: Player7_AwPh200 (27507255 in chips)
Seat 8: Player8_AwPh200 (23256190 in chips)
Player3_AwPh200: posts the ante 75000
Player5_AwPh200: posts the ante 75000
Player6_AwPh200: posts the ante 75000
Player7_AwPh200: posts the ante 75000
Player8_AwPh200: posts the ante 75000
Player3_AwPh200: posts big blind 600000
*** HOLE CARDS ***
Player5_AwPh200: raises 1331250 to 1931250
Player6_AwPh200: folds
Player7_AwPh200: folds
Player8_AwPh200: calls 1931250
Player3_AwPh200: folds
*** FLOP *** [7c Th 6d]
Player5_AwPh200: bets 10418110 and is all-in
Player8_AwPh200: calls 10418110
*** TURN *** [7c Th 6d] [3s]
*** RIVER *** [7c Th 6d 3s] [9c]
*** SHOW DOWN ***
Player5_AwPh200: shows [Ks Kh]
Player8_AwPh200: shows [Tc Qh]
Player5_AwPh200 collected 25673720 from pot
*** SUMMARY ***
Total pot 25673720 | Rake 0
Board [7c Th 6d 3s 9c]
Seat 3: Player3_AwPh200 (big blind) folded before Flop
Seat 5: Player5_AwPh200 showed [Ks Kh] and won (25673720)
Seat 6: Player6_AwPh200 folded before Flop (didn't bet)
Seat 7: Player7_AwPh200 folded before Flop (didn't bet)
Seat 8: Player8_AwPh200 (button) showed [Tc Qh] and lost


PokerStars Hand #1591182151: Tournament #1089228582, $100+$10 USD Hold'em No Limit - Level XXXII (300000/600000) - 2023/02/15 16:44:32 ET
Table '1089228582 9' 8-max Seat #1 is the button
Seat 1: Player1_AwPh200 (8807993 in chips)
Seat 3: Player3_AwPh200 (10011980 in chips)
Seat 4: Player4_AwPh200 (39821068 in chips)
Seat 5: Player5_AwPh200 (25673720 in chips)
Seat 6: Player6_AwPh200 (9740102 in chips)
Seat 7: Player7_AwPh200 (27432255 in chips)
Seat 8: Player8_AwPh200 (10831830 in chips)
Player1_AwPh200: posts the ante 75000
Player3_AwPh200: posts the ante 75000
Player4_AwPh200: posts the ante 75000
Player5_AwPh200: posts the ante 75000
Player6_AwPh200: posts the ante 75000
Player7_AwPh200: posts the ante 75000
Player8_AwPh200: posts the ante 75000
Player3_AwPh200: posts small blind 300000
Player4_AwPh200: posts big blind 600000
*** HOLE CARDS ***
Player5_AwPh200: folds
Player6_AwPh200: folds
Player7_AwPh200: folds
Player8_AwPh200: raises 600000 to 1200000
Player1_AwPh200: folds
Player3_AwPh200: folds
Player4_AwPh200: calls 600000
*** FLOP *** [2d 7d 4h]
Player4_AwPh200: bets 600000
Player8_AwPh200: raises 8956830 to 9556830 and is all-in
Player4_AwPh200: folds
Uncalled bet (8956830) returned to Player8_AwPh200
Player8_AwPh200 collected 4425000 from pot
Player8_AwPh200: doesn't show hand
*** SUMMARY ***
Total pot 4425000 | Rake 0
Board [2d 7d 4h]
Seat 1: Player1_AwPh200 (button) folded before Flop (didn't bet)
Seat 3: Player3_AwPh200 (small blind) folded before Flop
Seat 4: Player4_AwPh200 (big blind) folded on the Flop
Seat 5: Player5_AwPh200 folded before Flop (didn't bet)
Seat 6: Player6_AwPh200 folded before Flop (didn't bet)
Seat 7: Player7_AwPh200 folded before Flop (didn't bet)
Seat 8: Player8_AwPh200 collected (4425000)


PokerStars Hand #1591182709: Tournament #1089228582, $100+$10 USD Hold'em No Limit - Level XXXII (300000/600000) - 2023/02/15 16:45:09 ET
Table '1089228582 9' 8-max Seat #3 is the button
Seat 1: Player1_AwPh200 (8732993 in chips)
Seat 3: Player3_AwPh200 (9636980 in chips)
Seat 4: Player4_AwPh200 (37946068 in chips)
Seat 5: Player5_AwPh200 (25598720 in chips)
Seat 6: Player6_AwPh200 (9665102 in chips)
Seat 7: Player7_AwPh200 (27357255 in chips)
Seat 8: Player8_AwPh200 (13381830 in chips)
Player1_AwPh200: posts the ante 75000
Player3_AwPh200: posts the ante 75000
Player4_AwPh200: posts the ante 75000
Player5_AwPh200: posts the ante 75000
Player6_AwPh200: posts the ante 75000
Player7_AwPh200: posts the ante 75000
Player8_AwPh200: posts the ante 75000
Player4_AwPh200: posts small blind 300000
Player5_AwPh200: posts big blind 600000
*** HOLE CARDS ***
Player6_AwPh200: raises 600000 to 1200000
Player7_AwPh200: folds
Player8_AwPh200: folds
Player1_AwPh200: folds
Player3_AwPh200: folds
Player4_AwPh200: folds
Player5_AwPh200: folds
Uncalled bet (600000) returned to Player6_AwPh200
Player6_AwPh200 collected 2025000 from pot
Player6_AwPh200: doesn't show hand
*** SUMMARY ***
Total pot 2025000 | Rake 0
Seat 1: Player1_AwPh200 folded before Flop (didn't bet)
Seat 3: Player3_AwPh200 (button) folded before Flop (didn't bet)
Seat 4: Player4_AwPh200 (small blind) folded before Flop
Seat 5: Player5_AwPh200 (big blind) folded before Flop
Seat 6: Player6_AwPh200 collected (2025000)
Seat 7: Player7_AwPh200 folded before Flop (didn't bet)
Seat 8: Player8_AwPh200 folded before Flop (didn't bet)


PokerStars Hand #1591182944: Tournament #1089228582, $100+$10 USD Hold'em No Limit - Level XXXII (300000/600000) - 2023/02/15 16:45:25 ET
Table '1089228582 9' 8-max Seat #4 is the button
Seat 1: Player1_AwPh200 (8657993 in chips)
Seat 3: Player3_AwPh200 (9561980 in chips)
Seat 4: Player4_AwPh200 (37571068 in chips)
Seat 5: Player5_AwPh200 (24923720 in chips)
Seat 6: Player6_AwPh200 (11015102 in chips)
Seat 7: Player7_AwPh200 (27282255 in chips)
Seat 8: Player8_AwPh200 (13306830 in chips)
Player1_AwPh200: posts the ante 75000
Player3_AwPh200: posts the ante 75000
Player4_AwPh200: posts the ante 75000
Player5_AwPh200: posts the ante 75000
Player6_AwPh200: posts the ante 75000
Player7_AwPh200: posts the ante 75000
Player8_AwPh200: posts the ante 75000
Player5_AwPh200: posts small blind 300000
Player6_AwPh200: posts big blind 600000
*** HOLE CARDS ***
Player7_AwPh200: calls 600000
Player8_AwPh200: folds
Player1_AwPh200: folds
Player3_AwPh200: calls 600000
Player4_AwPh200: calls 600000
Player5_AwPh200: calls 300000
Player6_AwPh200: checks
*** FLOP *** [3s Ts 5s]
Player5_AwPh200: checks
Player6_AwPh200: checks
Player7_AwPh200: checks
Player3_AwPh200: checks
Player4_AwPh200: bets 600000
Player5_AwPh200: calls 600000
Player6_AwPh200: folds
Player7_AwPh200: folds
Player3_AwPh200: calls 600000
*** TURN *** [3s Ts 5s] [5h]
Player5_AwPh200: checks
Player3_AwPh200: checks
Player4_AwPh200: bets 1200000
Player5_AwPh200: calls 1200000
Player3_AwPh200: folds
*** RIVER *** [3s Ts 5s 5h] [8d]
Player5_AwPh200: checks
Player4_AwPh200: bets 1200000
Player5_AwPh200: calls 1200000
*** SHOW DOWN ***
Player4_AwPh200: shows [Ks Td]
Player5_AwPh200: mucks hand
Player4_AwPh200 collected 10125000 from pot
*** SUMMARY ***
Total pot 10125000 | Rake 0
Board [3s Ts 5s 5h 8d]
Seat 1: Player1_AwPh200 folded before Flop (didn't bet)
Seat 3: Player3_AwPh200 folded on the Turn
Seat 4: Player4_AwPh200 (button) showed [Ks Td] and won (10125000)
Seat 5: Player5_AwPh200 (small blind) mucked
Seat 6: Player6_AwPh200 (big blind) folded on the Flop
Seat 7: Player7_AwPh200 folded on the Flop
Seat 8: Player8_AwPh200 folded before Flop (didn't bet)


PokerStars Hand #1591183887: Tournament #1089228582, $100+$10 USD Hold'em No Limit - Level XXXII (300000/600000) - 2023/02/15 16:46:29 ET
Table '1089228582 9' 8-max Seat #5 is the button
Seat 1: Player1_AwPh200 (8582993 in chips)
Seat 3: Player3_AwPh200 (8286980 in chips)
Seat 4: Player4_AwPh200 (1071395.04 in chips)
Seat 5: Player5_AwPh200 (21248720 in chips)
Seat 6: Player6_AwPh200 (10340102 in chips)
Seat 7: Player7_AwPh200 (26607255 in chips)
Seat 8: Player8_AwPh200 (13231830 in chips)
Player1_AwPh200: posts the ante 75000
Player3_AwPh200: posts the ante 75000
Player4_AwPh200: posts the ante 75000
Player5_AwPh200: posts the ante 75000
Player6_AwPh200: posts the ante 75000
Player7_AwPh200: posts the ante 75000
Player8_AwPh200: posts the ante 75000
Player6_AwPh200: posts small blind 300000
Player7_AwPh200: posts big blind 600000
*** HOLE CARDS ***
Player8_AwPh200: folds
Player1_AwPh200: folds
Player3_AwPh200: folds
Player4_AwPh200: folds
Player5_AwPh200: folds
Player6_AwPh200: folds
Uncalled bet (300000) returned to Player7_AwPh200
Player7_AwPh200 collected 1125000 from pot
Player7_AwPh200: doesn't show hand
*** SUMMARY ***
Total pot 1125000 | Rake 0
Seat 1: Player1_AwPh200 folded before Flop (didn't bet)
Seat 3: Player3_AwPh200 folded before Flop (didn't bet)
Seat 4: Player4_AwPh200 folded before Flop (didn't bet)
Seat 5: Player5_AwPh200 (button) folded before Flop (didn't bet)
Seat 6: Player6_AwPh200 (small blind) folded before Flop
Seat 7: Player7_AwPh200 (big blind) collected (1125000)
Seat 8: Player8_AwPh200 folded before Flop (didn't bet)


PokerStars Hand #1591184173: Tournament #1089228582, $100+$10 USD Hold'em No Limit - Level XXXIII (400000/800000) - 2023/02/15 16:46:49 ET
Table '1089228582 9' 8-max Seat #6 is the button
Seat 1: Player1_AwPh200 (8507993 in chips)
Seat 3: Player3_AwPh200 (8211980 in chips)
Seat 4: Player4_AwPh200 (996395.04 in chips)
Seat 5: Player5_AwPh200 (21173720 in chips)
Seat 6: Player6_AwPh200 (9965102 in chips)
Seat 7: Player7_AwPh200 (27357255 in chips)
Seat 8: Player8_AwPh200 (13156830 in chips)
Player1_AwPh200: posts the ante 95000
Player3_AwPh200: posts the ante 95000
Player4_AwPh200: posts the ante 95000
Player5_AwPh200: posts the ante 95000
Player6_AwPh200: posts the ante 95000
Player7_AwPh200: posts the ante 95000
Player8_AwPh200: posts the ante 95000
Player7_AwPh200: posts small blind 400000
Player8_AwPh200: posts big blind 800000
*** HOLE CARDS ***
Player1_AwPh200: folds
Player3_AwPh200: folds
Player4_AwPh200: calls 800000
Player5_AwPh200: folds
Player6_AwPh200: raises 1600000 to 2400000
Player7_AwPh200: folds
Player8_AwPh200: folds
Player4_AwPh200: folds
Uncalled bet (1600000) returned to Player6_AwPh200
Player6_AwPh200 collected 3465000 from pot
Player6_AwPh200: doesn't show hand
*** SUMMARY ***
Total pot 3465000 | Rake 0
Seat 1: Player1_AwPh200 folded before Flop (didn't bet)
Seat 3: Player3_AwPh200 folded before Flop (didn't bet)
Seat 4: Player4_AwPh200 folded before Flop
Seat 5: Player5_AwPh200 folded before Flop (didn't bet)
Seat 6: Player6_AwPh200 (button) collected (3465000)
Seat 7: Player7_AwPh200 (small blind) folded before Flop
Seat 8: Player8_AwPh200 (big blind) folded before Flop


PokerStars Hand #1591184952: Tournament #1089228582, $100+$10 USD Hold'em No Limit - Level XXXIII (400000/800000) - 2023/02/15 16:47:43 ET
Table '1089228582 9' 8-max Seat #8 is the button
Seat 1: Player1_AwPh200 (18100986 in chips)
Seat 3: Player3_AwPh200 (8021980 in chips)
Seat 4: Player4_AwPh200 (42156068 in chips)
Seat 5: Player5_AwPh200 (20983720 in chips)
Seat 6: Player6_AwPh200 (12440102 in chips)
Seat 7: Player7_AwPh200 (26767255 in chips)
Seat 8: Player8_AwPh200 (3848837 in chips)
Player1_AwPh200: posts the ante 95000
Player3_AwPh200: posts the ante 95000
Player4_AwPh200: posts the ante 95000
Player5_AwPh200: posts the ante 95000
Player6_AwPh200: posts the ante 95000
Player7_AwPh200: posts the ante 95000
Player8_AwPh200: posts the ante 95000
Player1_AwPh200: posts small blind 400000
Player3_AwPh200: posts big blind 800000
*** HOLE CARDS ***
Player4_AwPh200: calls 800000
Player5_AwPh200: folds
Player6_AwPh200: folds
Player7_AwPh200: folds
Player8_AwPh200: folds
Player1_AwPh200: raises 17205986 to 18005986 and is all-in
Player3_AwPh200: folds
Player4_AwPh200: folds
Uncalled bet (17205986) returned to Player1_AwPh200
Player1_AwPh200 collected 3065000 from pot
Player1_AwPh200: doesn't show hand
*** SUMMARY ***
Total pot 3065000 | Rake 0
Seat 1: Player1_AwPh200 (small blind) collected (3065000)
Seat 3: Player3_AwPh200 (big blind) folded before Flop
Seat 4: Player4_AwPh200 folded before Flop
Seat 5: Player5_AwPh200 folded before Flop (didn't bet)
Seat 6: Player6_AwPh200 folded before Flop (didn't bet)
Seat 7: Player7_AwPh200 folded before Flop (didn't bet)
Seat 8: Player8_AwPh200 (button) folded before Flop (didn't bet)


PokerStars Hand #1591185212: Tournament #1089228582, $100+$10 USD Hold'em No Limit - Level XXXIII (400000/800000) - 2023/02/15 16:48:00 ET
Table '1089228582 9' 8-max Seat #1 is the button
Seat 1: Player1_AwPh200 (20270986 in chips)
Seat 3: Player3_AwPh200 (7126980 in chips)
Seat 4: Player4_AwPh200 (41261068 in chips)
Seat 5: Player5_AwPh200 (20888720 in chips)
Seat 6: Player6_AwPh200 (12345102 in chips)
Seat 7: Player7_AwPh200 (26672255 in chips)
Seat 8: Player8_AwPh200 (3753837 in chips)
Player1_AwPh200: posts the ante 95000
Player3_AwPh200: posts the ante 95000
Player4_AwPh200: posts the ante 95000
Player5_AwPh200: posts the ante 95000
Player6_AwPh200: posts the ante 95000
Player7_AwPh200: posts the ante 95000
Player8_AwPh200: posts the ante 95000
Player3_AwPh200: posts small blind 400000
Player4_AwPh200: posts big blind 800000
*** HOLE CARDS ***
Player5_AwPh200: folds
Player6_AwPh200: folds
Player7_AwPh200: calls 800000
Player8_AwPh200: folds
Player1_AwPh200: folds
Player3_AwPh200: raises 6231980 to 7031980 and is all-in
Player4_AwPh200: folds
Player7_AwPh200: calls 6231980
*** FLOP *** [9c 6h Qh]
*** TURN *** [9c 6h Qh] [Jh]
*** RIVER *** [9c 6h Qh Jh] [Ad]
*** SHOW DOWN ***
Player3_AwPh200: shows [Ah 8s]
Player7_AwPh200: shows [Ts 9s]
Player3_AwPh200 collected 15528960 from pot
*** SUMMARY ***
Total pot 15528960 | Rake 0
Board [9c 6h Qh Jh Ad]
Seat 1: Player1_AwPh200 (button) folded before Flop (didn't bet)
Seat 3: Player3_AwPh200 (small blind) showed [Ah 8s] and won (15528960)
Seat 4: Player4_AwPh200 (big blind) folded before Flop
Seat 5: Player5_AwPh200 folded before Flop (didn't bet)
Seat 6: Player6_AwPh200 folded before Flop (didn't bet)
Seat 7: Player7_AwPh200 showed [Ts 9s] and lost
Seat 8: Player8_AwPh200 folded before Flop (didn't bet)


PokerStars Hand #1591185616: Tournament #1089228582, $100+$10 USD Hold'em No Limit - Level XXXIII (400000/800000) - 2023/02/15 16:48:30 ET
Table '1089228582 9' 8-max Seat #3 is the button
Seat 1: Player1_AwPh200 (20175986 in chips)
Seat 3: Player3_AwPh200 (15528960 in chips)
Seat 4: Player4_AwPh200 (40366068 in chips)
Seat 5: Player5_AwPh200 (20793720 in chips)
Seat 6: Player6_AwPh200 (12250102 in chips)
Seat 7: Player7_AwPh200 (19545275 in chips)
Seat 8: Player8_AwPh200 (3658837 in chips)
Player1_AwPh200: posts the ante 95000
Player3_AwPh200: posts the ante 95000
Player4_AwPh200: posts the ante 95000
Player5_AwPh200: posts the ante 95000
Player6_AwPh200: posts the ante 95000
Player7_AwPh200: posts the ante 95000
Player8_AwPh200: posts the ante 95000
Player4_AwPh200: posts small blind 400000
Player5_AwPh200: posts big blind 800000
*** HOLE CARDS ***
Player6_AwPh200: folds
Player7_AwPh200: calls 800000
Player8_AwPh200: folds
Player1_AwPh200: folds
Player3_AwPh200: folds
Player4_AwPh200: folds
Player5_AwPh200: checks
*** FLOP *** [Ac 4h Jc]
Player5_AwPh200: checks
Player7_AwPh200: bets 800000
Player5_AwPh200: folds
Uncalled bet (800000) returned to Player7_AwPh200
Player7_AwPh200 collected 2665000 from pot
Player7_AwPh200: doesn't show hand
*** SUMMARY ***
Total pot 2665000 | Rake 0
Board [Ac 4h Jc]
Seat 1: Player1_AwPh200 folded before Flop (didn't bet)
Seat 3: Player3_AwPh200 (button) folded before Flop (didn't bet)
Seat 4: Player4_AwPh200 (small blind) folded before Flop
Seat 5: Player5_AwPh200 (big blind) folded on the Flop
Seat 6: Player6_AwPh200 folded before Flop (didn't bet)
Seat 7: Player7_AwPh200 collected (2665000)
Seat 8: Player8_AwPh200 folded before Flop (didn't bet)


PokerStars Hand #1591185984: Tournament #1089228582, $100+$10 USD Hold'em No Limit - Level XXXIII (400000/800000) - 2023/02/15 16:48:56 ET
Table '1089228582 9' 8-max Seat #4 is the button
Seat 1: Player1_AwPh200 (20080986 in chips)
Seat 3: Player3_AwPh200 (15433960 in chips)
Seat 4: Player4_AwPh200 (39871068 in chips)
Seat 5: Player5_AwPh200 (19898720 in chips)
Seat 6: Player6_AwPh200 (12155102 in chips)
Seat 7: Player7_AwPh200 (21315275 in chips)
Seat 8: Player8_AwPh200 (3563837 in chips)
Player1_AwPh200: posts the ante 95000
Player3_AwPh200: posts the ante 95000
Player4_AwPh200: posts the ante 95000
Player5_AwPh200: posts the ante 95000
Player6_AwPh200: posts the ante 95000
Player7_AwPh200: posts the ante 95000
Player8_AwPh200: posts the ante 95000
Player5_AwPh200: posts small blind 400000
Player6_AwPh200: posts big blind 800000
*** HOLE CARDS ***
Player7_AwPh200: calls 800000
Player8_AwPh200: folds
Player1_AwPh200: raises 2000000 to 2800000
Player3_AwPh200: folds
Player4_AwPh200: folds
Player5_AwPh200: folds
Player6_AwPh200: folds
Player7_AwPh200: calls 2000000
*** FLOP *** [Kh 4c 6d]
Player7_AwPh200: checks
Player1_AwPh200: bets 2800000
Player7_AwPh200: calls 2800000
*** TURN *** [Kh 4c 6d] [4h]
Player7_AwPh200: checks
Player1_AwPh200: checks
*** RIVER *** [Kh 4c 6d 4h] [9c]
Player7_AwPh200: bets 800000
Player1_AwPh200: calls 800000
*** SHOW DOWN ***
Player7_AwPh200: shows [Ks Qd]
Player1_AwPh200: mucks hand
Player7_AwPh200 collected 14665000 from pot
*** SUMMARY ***
Total pot 14665000 | Rake 0
Board [Kh 4c 6d 4h 9c]
Seat 1: Player1_AwPh200 mucked
Seat 3: Player3_AwPh200 folded before Flop (didn't bet)
Seat 4: Player4_AwPh200 (button) folded before Flop (didn't bet)
Seat 5: Player5_AwPh200 (small blind) folded before Flop
Seat 6: Player6_AwPh200 (big blind) folded before Flop
Seat 7: Player7_AwPh200 showed [Ks Qd] and won (14665000)
Seat 8: Player8_AwPh200 folded before Flop (didn't bet)


PokerStars Hand #1591186505: Tournament #1089228582, $100+$10 USD Hold'em No Limit - Level XXXIII (400000/800000) - 2023/02/15 16:49:36 ET
Table '1089228582 9' 8-max Seat #5 is the button
Seat 1: Player1_AwPh200 (13585986 in chips)
Seat 2: Player2_AwPh200 (5445032 in chips)
Seat 3: Player3_AwPh200 (15338960 in chips)
Seat 4: Player4_AwPh200 (39776068 in chips)
Seat 5: Player5_AwPh200 (19403720 in chips)
Seat 6: Player6_AwPh200 (11260102 in chips)
Seat 7: Player7_AwPh200 (29485275 in chips)
Seat 8: Player8_AwPh200 (3468837 in chips)
Player1_AwPh200: posts the ante 95000
Player2_AwPh200: posts the ante 95000
Player3_AwPh200: posts the ante 95000
Player4_AwPh200: posts the ante 95000
Player5_AwPh200: posts the ante 95000
Player6_AwPh200: posts the ante 95000
Player7_AwPh200: posts the ante 95000
Player8_AwPh200: posts the ante 95000
Player6_AwPh200: posts small blind 400000
Player7_AwPh200: posts big blind 800000
*** HOLE CARDS ***
Player8_AwPh200: folds
Player1_AwPh200: folds
Player2_AwPh200: folds
Player3_AwPh200: folds
Player4_AwPh200: folds
Player5_AwPh200: folds
Player6_AwPh200: folds
Uncalled bet (400000) returned to Player7_AwPh200
Player7_AwPh200 collected 1560000 from pot
Player7_AwPh200: doesn't show hand
*** SUMMARY ***
Total pot 1560000 | Rake 0
Seat 1: Player1_AwPh200 folded before Flop (didn't bet)
Seat 2: Player2_AwPh200 folded before Flop (didn't bet)
Seat 3: Player3_AwPh200 folded before Flop (didn't bet)
Seat 4: Player4_AwPh200 folded before Flop (didn't bet)
Seat 5: Player5_AwPh200 (button) folded before Flop (didn't bet)
Seat 6: Player6_AwPh200 (small blind) folded before Flop
Seat 7: Player7_AwPh200 (big blind) collected (1560000)
Seat 8: Player8_AwPh200 folded before Flop (didn't bet)


PokerStars Hand #1591186693: Tournament #1089228582, $100+$10 USD Hold'em No Limit - Level XXXIII (400000/800000) - 2023/02/15 16:49:49 ET
Table '1089228582 9' 8-max Seat #6 is the button
Seat 1: Player1_AwPh200 (13490986 in chips)
Seat 2: Player2_AwPh200 (5350032 in chips)
Seat 3: Player3_AwPh200 (15243960 in chips)
Seat 4: Player4_AwPh200 (39681068 in chips)
Seat 5: Player5_AwPh200 (19308720 in chips)
Seat 6: Player6_AwPh200 (10765102 in chips)
Seat 7: Player7_AwPh200 (30550275 in chips)
Seat 8: Player8_AwPh200 (3373837 in chips)
Player1_AwPh200: posts the ante 95000
Player2_AwPh200: posts the ante 95000
Player3_AwPh200: posts the ante 95000
Player4_AwPh200: posts the ante 95000
Player5_AwPh200: posts the ante 95000
Player6_AwPh200: posts the ante 95000
Player7_AwPh200: posts the ante 95000
Player8_AwPh200: posts the ante 95000
Player7_AwPh200: posts small blind 400000
Player8_AwPh200: posts big blind 800000
*** HOLE CARDS ***
Player1_AwPh200: raises 800000 to 1600000
Player2_AwPh200: folds
Player3_AwPh200: folds
Player4_AwPh200: folds
Player5_AwPh200: folds
Player6_AwPh200: folds
Player7_AwPh200: folds
Player8_AwPh200: folds
Uncalled bet (800000) returned to Player1_AwPh200
Player1_AwPh200 collected 2760000 from pot
Player1_AwPh200: doesn't show hand
*** SUMMARY ***
Total pot 2760000 | Rake 0
Seat 1: Player1_AwPh200 collected (2760000)
Seat 2: Player2_AwPh200 folded before Flop (didn't bet)
Seat 3: Player3_AwPh200 folded before Flop (didn't bet)
Seat 4: Player4_AwPh200 folded before Flop (didn't bet)
Seat 5: Player5_AwPh200 folded before Flop (didn't bet)
Seat 6: Player6_AwPh200 (button) folded before Flop (didn't bet)
Seat 7: Player7_AwPh200 (small blind) folded before Flop
Seat 8: Player8_AwPh200 (big blind) folded before Flop


PokerStars Hand #1591187001: Tournament #1089228582, $100+$10 USD Hold'em No Limit - Level XXXIII (400000/800000) - 2023/02/15 16:50:12 ET
Table '1089228582 9' 8-max Seat #7 is the button
Seat 1: Player1_AwPh200 (15355986 in chips)
Seat 2: Player2_AwPh200 (5255032 in chips)
Seat 3: Player3_AwPh200 (15148960 in chips)
Seat 4: Player4_AwPh200 (39586068 in chips)
Seat 5: Player5_AwPh200 (19213720 in chips)
Seat 6: Player6_AwPh200 (10670102 in chips)
Seat 7: Player7_AwPh200 (30055275 in chips)
Seat 8: Player8_AwPh200 (2478837 in chips)
Player1_AwPh200: posts the ante 95000
Player2_AwPh200: posts the ante 95000
Player3_AwPh200: posts the ante 95000
Player4_AwPh200: posts the ante 95000
Player5_AwPh200: posts the ante 95000
Player6_AwPh200: posts the ante 95000
Player7_AwPh200: posts the ante 95000
Player8_AwPh200: posts the ante 95000
Player8_AwPh200: posts small blind 400000
Player1_AwPh200: posts big blind 800000
*** HOLE CARDS ***
Player2_AwPh200: folds
Player3_AwPh200: raises 1200000 to 2000000
Player4_AwPh200: folds
Player5_AwPh200: folds
Player6_AwPh200: folds
Player7_AwPh200: folds
Player8_AwPh200: folds
Player1_AwPh200: folds
Uncalled bet (1200000) returned to Player3_AwPh200
Player3_AwPh200 collected 2760000 from pot
Player3_AwPh200: doesn't show hand
*** SUMMARY ***
Total pot 2760000 | Rake 0
Seat 1: Player1_AwPh200 (big blind) folded before Flop
Seat 2: Player2_AwPh200 folded before Flop (didn't bet)
Seat 3: Player3_AwPh200 collected (2760000)
Seat 4: Player4_AwPh200 folded before Flop (didn't bet)
Seat 5: Player5_AwPh200 folded before Flop (didn't bet)
Seat 6: Player6_AwPh200 folded before Flop (didn't bet)
Seat 7: Player7_AwPh200 (button) folded before Flop (didn't bet)
Seat 8: Player8_AwPh200 (small blind) folded before Flop


PokerStars Hand #1591187293: Tournament #1089228582, $100+$10 USD Hold'em No Limit - Level XXXIII (400000/800000) - 2023/02/15 16:50:34 ET
Table '1089228582 9' 8-max Seat #8 is the button
Seat 1: Player1_AwPh200 (14460986 in chips)
Seat 2: Player2_AwPh200 (5160032 in chips)
Seat 3: Player3_AwPh200 (17013960 in chips)
Seat 4: Player4_AwPh200 (39491068 in chips)
Seat 5: Player5_AwPh200 (19118720 in chips)
Seat 6: Player6_AwPh200 (10575102 in chips)
Seat 7: Player7_AwPh200 (29960275 in chips)
Seat 8: Player8_AwPh200 (1983837 in chips)
Player1_AwPh200: posts the ante 95000
Player2_AwPh200: posts the ante 95000
Player3_AwPh200: posts the ante 95000
Player4_AwPh200: posts the ante 95000
Player5_AwPh200: posts the ante 95000
Player6_AwPh200: posts the ante 95000
Player7_AwPh200: posts the ante 95000
Player8_AwPh200: posts the ante 95000
Player1_AwPh200: posts small blind 400000
Player2_AwPh200: posts big blind 800000
*** HOLE CARDS ***
Player3_AwPh200: folds
Player4_AwPh200: folds
Player5_AwPh200: folds
Player6_AwPh200: folds
Player7_AwPh200: folds
Player8_AwPh200: raises 1088837 to 1888837 and is all-in
Player1_AwPh200: calls 1488837
Player2_AwPh200: calls 1088837
*** FLOP *** [Ks 4s 3c]
Player1_AwPh200: checks
Player2_AwPh200: checks
*** TURN *** [Ks 4s 3c] [As]
Player1_AwPh200: checks
Player2_AwPh200: bets 3176195 and is all-in
Player1_AwPh200: folds
Uncalled bet (3176195) returned to Player2_AwPh200
*** RIVER *** [Ks 4s 3c As] [2h]
*** SHOW DOWN ***
Player2_AwPh200: shows [5d Ac]
Player8_AwPh200: shows [9h Jc]
Player2_AwPh200 collected 6426511 from pot
*** SUMMARY ***
Total pot 6426511 | Rake 0
Board [Ks 4s 3c As 2h]
Seat 1: Player1_AwPh200 (small blind) folded on the Turn
Seat 2: Player2_AwPh200 (big blind) showed [5d Ac] and won (6426511)
Seat 3: Player3_AwPh200 folded before Flop (didn't bet)
Seat 4: Player4_AwPh200 folded before Flop (didn't bet)
Seat 5: Player5_AwPh200 folded before Flop (didn't bet)
Seat 6: Player6_AwPh200 folded before Flop (didn't bet)
Seat 7: Player7_AwPh200 folded before Flop (didn't bet)
Seat 8: Player8_AwPh200 (button) showed [9h Jc] and lost


PokerStars Hand #1591187735: Tournament #1089228582, $100+$10 USD Hold'em No Limit - Level XXXIII (400000/800000) - 2023/02/15 16:51:07 ET
Table '1089228582 9' 8-max Seat #1 is the button
Seat 1: Player1_AwPh200 (12477149 in chips)
Seat 2: Player2_AwPh200 (9602706 in chips)
Seat 3: Player3_AwPh200 (16918960 in chips)
Seat 4: Player4_AwPh200 (39396068 in chips)
Seat 5: Player5_AwPh200 (19023720 in chips)
Seat 6: Player6_AwPh200 (10480102 in chips)
Seat 7: Player7_AwPh200 (29865275 in chips)
Player1_AwPh200: posts the ante 95000
Player2_AwPh200: posts the ante 95000
Player3_AwPh200: posts the ante 95000
Player4_AwPh200: posts the ante 95000
Player5_AwPh200: posts the ante 95000
Player6_AwPh200: posts the ante 95000
Player7_AwPh200: posts the ante 95000
Player2_AwPh200: posts small blind 400000
Player3_AwPh200: posts big blind 800000
*** HOLE CARDS ***
Player4_AwPh200: folds
Player5_AwPh200: raises 800000 to 1600000
Player6_AwPh200: folds
Player7_AwPh200: calls 1600000
Player1_AwPh200: folds
Player2_AwPh200: folds
Player3_AwPh200: folds
*** FLOP *** [7c 6s Ad]
Player5_AwPh200: bets 800000
Player7_AwPh200: calls 800000
*** TURN *** [7c 6s Ad] [7h]
Player5_AwPh200: bets 800000
Player7_AwPh200: calls 800000
*** RIVER *** [7c 6s Ad 7h] [Jd]
Player5_AwPh200: bets 800000
Player7_AwPh200: calls 800000
*** SHOW DOWN ***
Player5_AwPh200: shows [8d 8c]
Player7_AwPh200: shows [4h Ah]
Player7_AwPh200 collected 9865000 from pot
*** SUMMARY ***
Total pot 9865000 | Rake 0
Board [7c 6s Ad 7h Jd]
Seat 1: Player1_AwPh200 (button) folded before Flop (didn't bet)
Seat 2: Player2_AwPh200 (small blind) folded before Flop
Seat 3: Player3_AwPh200 (big blind) folded before Flop
Seat 4: Player4_AwPh200 folded before Flop (didn't bet)
Seat 5: Player5_AwPh200 showed [8d 8c] and lost
Seat 6: Player6_AwPh200 folded before Flop (didn't bet)
Seat 7: Player7_AwPh200 showed [4h Ah] and won (9865000)


PokerStars Hand #1591188252: Tournament #1089228582, $100+$10 USD Hold'em No Limit - Level XXXIII (400000/800000) - 2023/02/15 16:51:46 ET
Table '1089228582 9' 8-max Seat #2 is the button
Seat 1: Player1_AwPh200 (12382149 in chips)
Seat 2: Player2_AwPh200 (9107706 in chips)
Seat 3: Player3_AwPh200 (16023960 in chips)
Seat 4: Player4_AwPh200 (39301068 in chips)
Seat 5: Player5_AwPh200 (14928720 in chips)
Seat 6: Player6_AwPh200 (10385102 in chips)
Seat 7: Player7_AwPh200 (35635275 in chips)
Player1_AwPh200: posts the ante 95000
Player2_AwPh200: posts the ante 95000
Player3_AwPh200: posts the ante 95000
Player4_AwPh200: posts the ante 95000
Player5_AwPh200: posts the ante 95000
Player6_AwPh200: posts the ante 95000
Player7_AwPh200: posts the ante 95000
Player3_AwPh200: posts small blind 400000
Player4_AwPh200: posts big blind 800000
*** HOLE CARDS ***
Player5_AwPh200: folds
Player6_AwPh200: folds
Player7_AwPh200: calls 800000
Player1_AwPh200: folds
Player2_AwPh200: folds
Player3_AwPh200: calls 400000
Player4_AwPh200: checks
*** FLOP *** [6c 7h Qc]
Player3_AwPh200: checks
Player4_AwPh200: checks
Player7_AwPh200: bets 800000
Player3_AwPh200: calls 800000
Player4_AwPh200: calls 800000
*** TURN *** [6c 7h Qc] [9s]
Player3_AwPh200: checks
Player4_AwPh200: checks
Player7_AwPh200: checks
*** RIVER *** [6c 7h Qc 9s] [Ad]
Player3_AwPh200: bets 4043333
Player4_AwPh200: folds
Player7_AwPh200: calls 4043333
*** SHOW DOWN ***
Player3_AwPh200: shows [7c 7d]
Player7_AwPh200: mucks hand
Player3_AwPh200 collected 13551666 from pot
*** SUMMARY ***
Total pot 13551666 | Rake 0
Board [6c 7h Qc 9s Ad]
Seat 1: Player1_AwPh200 folded before Flop (didn't bet)
Seat 2: Player2_AwPh200 (button) folded before Flop (didn't bet)
Seat 3: Player3_AwPh200 (small blind) showed [7c 7d] and won (13551666)
Seat 4: Player4_AwPh200 (big blind) folded on the River
Seat 5: Player5_AwPh200 folded before Flop (didn't bet)
Seat 6: Player6_AwPh200 folded before Flop (didn't bet)
Seat 7: Player7_AwPh200 mucked


PokerStars Hand #1591189090: Tournament #1089228582, $100+$10 USD Hold'em No Limit - Level XXXIII (400000/800000) - 2023/02/15 16:52:52 ET
Table '1089228582 9' 8-max Seat #3 is the button
Seat 1: Player1_AwPh200 (12287149 in chips)
Seat 2: Player2_AwPh200 (9012706 in chips)
Seat 3: Player3_AwPh200 (23837293 in chips)
Seat 4: Player4_AwPh200 (37606068 in chips)
Seat 5: Player5_AwPh200 (14833720 in chips)
Seat 6: Player6_AwPh200 (10290102 in chips)
Seat 7: Player7_AwPh200 (29896942 in chips)
Player1_AwPh200: posts the ante 95000
Player2_AwPh200: posts the ante 95000
Player3_AwPh200: posts the ante 95000
Player4_AwPh200: posts the ante 95000
Player5_AwPh200: posts the ante 95000
Player6_AwPh200: posts the ante 95000
Player7_AwPh200: posts the ante 95000
Player4_AwPh200: posts small blind 400000
Player5_AwPh200: posts big blind 800000
*** HOLE CARDS ***
Player6_AwPh200: folds
Player7_AwPh200: folds
Player1_AwPh200: folds
Player2_AwPh200: folds
Player3_AwPh200: raises 1200000 to 2000000
Player4_AwPh200: folds
Player5_AwPh200: raises 12738720 to 14738720 and is all-in
Player3_AwPh200: calls 12738720
*** FLOP *** [7h Ts Qs]
*** TURN *** [7h Ts Qs] [Td]
*** RIVER *** [7h Ts Qs Td] [Jd]
*** SHOW DOWN ***
Player3_AwPh200: shows [Jh Jc]
Player5_AwPh200: shows [9c As]
Player3_AwPh200 collected 30542440 from pot
*** SUMMARY ***
Total pot 30542440 | Rake 0
Board [7h Ts Qs Td Jd]
Seat 1: Player1_AwPh200 folded before Flop (didn't bet)
Seat 2: Player2_AwPh200 folded before Flop (didn't bet)
Seat 3: Player3_AwPh200 (button) showed [Jh Jc] and won (30542440)
Seat 4: Player4_AwPh200 (small blind) folded before Flop
Seat 5: Player5_AwPh200 (big blind) showed [9c As] and lost
Seat 6: Player6_AwPh200 folded before Flop (didn't bet)
Seat 7: Player7_AwPh200 folded before Flop (didn't bet)


PokerStars Hand #1591189440: Tournament #1089228582, $100+$10 USD Hold'em No Limit - Level XXXIII (400000/800000) - 2023/02/15 16:53:18 ET
Table '1089228582 9' 8-max Seat #4 is the button
Seat 1: Player1_AwPh200 (12192149 in chips)
Seat 2: Player2_AwPh200 (8917706 in chips)
Seat 3: Player3_AwPh200 (39546013 in chips)
Seat 4: Player4_AwPh200 (37111068 in chips)
Seat 6: Player6_AwPh200 (10195102 in chips)
Seat 7: Player7_AwPh200 (29801942 in chips)
Player1_AwPh200: posts the ante 95000
Player2_AwPh200: posts the ante 95000
Player3_AwPh200: posts the ante 95000
Player4_AwPh200: posts the ante 95000
Player6_AwPh200: posts the ante 95000
Player7_AwPh200: posts the ante 95000
Player6_AwPh200: posts big blind 800000
*** HOLE CARDS ***
Player7_AwPh200: folds
Player1_AwPh200: folds
Player2_AwPh200: folds
Player3_AwPh200: folds
Player4_AwPh200: calls 800000
Player6_AwPh200: checks
*** FLOP *** [2s 8h Jh]
Player6_AwPh200: checks
Player4_AwPh200: bets 1600000
Player6_AwPh200: folds
Uncalled bet (1600000) returned to Player4_AwPh200
Player4_AwPh200 collected 2170000 from pot
Player4_AwPh200: doesn't show hand
*** SUMMARY ***
Total pot 2170000 | Rake 0
Board [2s 8h Jh]
Seat 1: Player1_AwPh200 folded before Flop (didn't bet)
Seat 2: Player2_AwPh200 folded before Flop (didn't bet)
Seat 3: Player3_AwPh200 folded before Flop (didn't bet)
Seat 4: Player4_AwPh200 (button) collected (2170000)
Seat 6: Player6_AwPh200 (big blind) folded on the Flop
Seat 7: Player7_AwPh200 folded before Flop (didn't bet)


PokerStars Hand #1591189859: Tournament #1089228582, $100+$10 USD Hold'em No Limit - Level XXXIII (400000/800000) - 2023/02/15 16:53:52 ET
Table '1089228582 9' 8-max Seat #5 is the button
Seat 1: Player1_AwPh200 (12097149 in chips)
Seat 2: Player2_AwPh200 (8822706 in chips)
Seat 3: Player3_AwPh200 (39451013 in chips)
Seat 4: Player4_AwPh200 (38386068 in chips)
Seat 5: Player5_AwPh200 (15246012 in chips)
Seat 6: Player6_AwPh200 (9300102 in chips)
Seat 7: Player7_AwPh200 (29706942 in chips)
Player1_AwPh200: posts the ante 95000
Player2_AwPh200: posts the ante 95000
Player3_AwPh200: posts the ante 95000
Player4_AwPh200: posts the ante 95000
Player5_AwPh200: posts the ante 95000
Player6_AwPh200: posts the ante 95000
Player7_AwPh200: posts the ante 95000
Player6_AwPh200: posts small blind 400000
Player7_AwPh200: posts big blind 800000
*** HOLE CARDS ***
Player1_AwPh200: folds
Player2_AwPh200: folds
Player3_AwPh200: folds
Player4_AwPh200: folds
Player5_AwPh200: folds
Player6_AwPh200: calls 400000
Player7_AwPh200: raises 800000 to 1600000
Player6_AwPh200: raises 7605102 to 9205102 and is all-in
Player7_AwPh200: folds
Uncalled bet (7605102) returned to Player6_AwPh200
Player6_AwPh200 collected 3865000 from pot
Player6_AwPh200: doesn't show hand
*** SUMMARY ***
Total pot 3865000 | Rake 0
Seat 1: Player1_AwPh200 folded before Flop (didn't bet)
Seat 2: Player2_AwPh200 folded before Flop (didn't bet)
Seat 3: Player3_AwPh200 folded before Flop (didn't bet)
Seat 4: Player4_AwPh200 folded before Flop (didn't bet)
Seat 5: Player5_AwPh200 (button) folded before Flop (didn't bet)
Seat 6: Player6_AwPh200 (small blind) collected (3865000)
Seat 7: Player7_AwPh200 (big blind) folded before Flop


PokerStars Hand #1591190279: Tournament #1089228582, $100+$10 USD Hold'em No Limit - Level XXXIII (400000/800000) - 2023/02/15 16:54:26 ET
Table '1089228582 9' 8-max Seat #6 is the button
Seat 1: Player1_AwPh200 (12002149 in chips)
Seat 2: Player2_AwPh200 (8727706 in chips)
Seat 3: Player3_AwPh200 (39356013 in chips)
Seat 4: Player4_AwPh200 (38291068 in chips)
Seat 5: Player5_AwPh200 (15151012 in chips)
Seat 6: Player6_AwPh200 (11470102 in chips)
Seat 7: Player7_AwPh200 (28011942 in chips)
Player1_AwPh200: posts the ante 95000
Player2_AwPh200: posts the ante 95000
Player3_AwPh200: posts the ante 95000
Player4_AwPh200: posts the ante 95000
Player5_AwPh200: posts the ante 95000
Player6_AwPh200: posts the ante 95000
Player7_AwPh200: posts the ante 95000
Player7_AwPh200: posts small blind 400000
Player1_AwPh200: posts big blind 800000
*** HOLE CARDS ***
Player2_AwPh200: folds
Player3_AwPh200: folds
Player4_AwPh200: folds
Player5_AwPh200: folds
Player6_AwPh200: folds
Player7_AwPh200: calls 400000
Player1_AwPh200: checks
*** FLOP *** [2s 5c 9s]
Player7_AwPh200: bets 800000
Player1_AwPh200: calls 800000
*** TURN *** [2s 5c 9s] [9c]
Player7_AwPh200: checks
Player1_AwPh200: checks
*** RIVER *** [2s 5c 9s 9c] [Kc]
Player7_AwPh200: bets 3865000
Player1_AwPh200: folds
Uncalled bet (3865000) returned to Player7_AwPh200
Player7_AwPh200 collected 3865000 from pot
Player7_AwPh200: doesn't show hand
*** SUMMARY ***
Total pot 3865000 | Rake 0
Board [2s 5c 9s 9c Kc]
Seat 1: Player1_AwPh200 (big blind) folded on the River
Seat 2: Player2_AwPh200 folded before Flop (didn't bet)
Seat 3: Player3_AwPh200 folded before Flop (didn't bet)
Seat 4: Player4_AwPh200 folded before Flop (didn't bet)
Seat 5: Player5_AwPh200 folded before Flop (didn't bet)
Seat 6: Player6_AwPh200 (button) folded before Flop (didn't bet)
Seat 7: Player7_AwPh200 (small blind) collected (3865000)


PokerStars Hand #1591194043: Tournament #1089228582, $100+$10 USD Hold'em No Limit - Level XXXIII (400000/800000) - 2023/02/15 17:00:39 ET
Table '1089228582 9' 8-max Seat #7 is the button
Seat 1: Player1_AwPh200 (10307149 in chips)
Seat 2: Player2_AwPh200 (8632706 in chips)
Seat 3: Player3_AwPh200 (39261013 in chips)
Seat 4: Player4_AwPh200 (38196068 in chips)
Seat 5: Player5_AwPh200 (15056012 in chips)
Seat 6: Player6_AwPh200 (11375102 in chips)
Seat 7: Player7_AwPh200 (30181942 in chips)
Player1_AwPh200: posts the ante 95000
Player2_AwPh200: posts the ante 95000
Player3_AwPh200: posts the ante 95000
Player4_AwPh200: posts the ante 95000
Player5_AwPh200: posts the ante 95000
Player6_AwPh200: posts the ante 95000
Player7_AwPh200: posts the ante 95000
Player1_AwPh200: posts small blind 400000
Player2_AwPh200: posts big blind 800000
*** HOLE CARDS ***
Player3_AwPh200: folds
Player4_AwPh200: folds
Player5_AwPh200: folds
Player6_AwPh200: folds
Player7_AwPh200: folds
Player1_AwPh200: raises 9412149 to 10212149 and is all-in
Player2_AwPh200: folds
Uncalled bet (9412149) returned to Player1_AwPh200
Player1_AwPh200 collected 2265000 from pot
Player1_AwPh200: doesn't show hand
*** SUMMARY ***
Total pot 2265000 | Rake 0
Seat 1: Player1_AwPh200 (small blind) collected (2265000)
Seat 2: Player2_AwPh200 (big blind) folded before Flop
Seat 3: Player3_AwPh200 folded before Flop (didn't bet)
Seat 4: Player4_AwPh200 folded before Flop (didn't bet)
Seat 5: Player5_AwPh200 folded before Flop (didn't bet)
Seat 6: Player6_AwPh200 folded before Flop (didn't bet)
Seat 7: Player7_AwPh200 (button) folded before Flop (didn't bet)


PokerStars Hand #1591194332: Tournament #1089228582, $100+$10 USD Hold'em No Limit - Level XXXIII (400000/800000) - 2023/02/15 17:01:05 ET
Table '1089228582 9' 8-max Seat #1 is the button
Seat 1: Player1_AwPh200 (11677149 in chips)
Seat 2: Player2_AwPh200 (7737706 in chips)
Seat 3: Player3_AwPh200 (39166013 in chips)
Seat 4: Player4_AwPh200 (38101068 in chips)
Seat 5: Player5_AwPh200 (14961012 in chips)
Seat 6: Player6_AwPh200 (11280102 in chips)
Seat 7: Player7_AwPh200 (30086942 in chips)
Player1_AwPh200: posts the ante 95000
Player2_AwPh200: posts the ante 95000
Player3_AwPh200: posts the ante 95000
Player4_AwPh200: posts the ante 95000
Player5_AwPh200: posts the ante 95000
Player6_AwPh200: posts the ante 95000
Player7_AwPh200: posts the ante 95000
Player2_AwPh200: posts small blind 400000
Player3_AwPh200: posts big blind 800000
*** HOLE CARDS ***
Player4_AwPh200: folds
Player5_AwPh200: raises 1600000 to 2400000
Player6_AwPh200: raises 6665000 to 9065000
Player7_AwPh200: folds
Player1_AwPh200: folds
Player2_AwPh200: folds
Player3_AwPh200: folds
Player5_AwPh200: folds
Uncalled bet (6665000) returned to Player6_AwPh200
Player6_AwPh200 collected 6665000 from pot
Player6_AwPh200: doesn't show hand
*** SUMMARY ***
Total pot 6665000 | Rake 0
Seat 1: Player1_AwPh200 (button) folded before Flop (didn't bet)
Seat 2: Player2_AwPh200 (small blind) folded before Flop
Seat 3: Player3_AwPh200 (big blind) folded before Flop
Seat 4: Player4_AwPh200 folded before Flop (didn't bet)
Seat 5: Player5_AwPh200 folded before Flop
Seat 6: Player6_AwPh200 collected (6665000)
Seat 7: Player7_AwPh200 folded before Flop (didn't bet)


PokerStars Hand #1591195153: Tournament #1089228582, $100+$10 USD Hold'em No Limit - Level XXXIV (500000/1000000) - 2023/02/15 17:02:12 ET
Table '1089228582 9' 8-max Seat #2 is the button
Seat 1: Player1_AwPh200 (11582149 in chips)
Seat 2: Player2_AwPh200 (7242706 in chips)
Seat 3: Player3_AwPh200 (38271013 in chips)
Seat 4: Player4_AwPh200 (38006068 in chips)
Seat 5: Player5_AwPh200 (12466012 in chips)
Seat 6: Player6_AwPh200 (15450102 in chips)
Seat 7: Player7_AwPh200 (29991942 in chips)
Player1_AwPh200: posts the ante 120000
Player2_AwPh200: posts the ante 120000
Player3_AwPh200: posts the ante 120000
Player4_AwPh200: posts the ante 120000
Player5_AwPh200: posts the ante 120000
Player6_AwPh200: posts the ante 120000
Player7_AwPh200: posts the ante 120000
Player3_AwPh200: posts small blind 500000
Player4_AwPh200: posts big blind 1000000
*** HOLE CARDS ***
Player5_AwPh200: folds
Player6_AwPh200: folds
Player7_AwPh200: folds
Player1_AwPh200: folds
Player2_AwPh200: folds
Player3_AwPh200: raises 2000000 to 3000000
Player4_AwPh200: calls 2000000
*** FLOP *** [Jc 7c 3s]
Player3_AwPh200: bets 4560000
Player4_AwPh200: folds
Uncalled bet (4560000) returned to Player3_AwPh200
Player3_AwPh200 collected 6840000 from pot
Player3_AwPh200: shows [Qc Qs]
*** SUMMARY ***
Total pot 6840000 | Rake 0
Board [Jc 7c 3s]
Seat 1: Player1_AwPh200 folded before Flop (didn't bet)
Seat 2: Player2_AwPh200 (button) folded before Flop (didn't bet)
Seat 3: Player3_AwPh200 (small blind) showed [Qc Qs] and won (6840000)
Seat 4: Player4_AwPh200 (big blind) folded on the Flop
Seat 5: Player5_AwPh200 folded before Flop (didn't bet)
Seat 6: Player6_AwPh200 folded before Flop (didn't bet)
Seat 7: Player7_AwPh200 folded before Flop (didn't bet)


PokerStars Hand #1591195698: Tournament #1089228582, $100+$10 USD Hold'em No Limit - Level XXXIV (500000/1000000) - 2023/02/15 17:02:57 ET
Table '1089228582 9' 8-max Seat #3 is the button
Seat 1: Player1_AwPh200 (11462149 in chips)
Seat 2: Player2_AwPh200 (7122706 in chips)
Seat 3: Player3_AwPh200 (41991013 in chips)
Seat 4: Player4_AwPh200 (34886068 in chips)
Seat 5: Player5_AwPh200 (12346012 in chips)
Seat 6: Player6_AwPh200 (15330102 in chips)
Seat 7: Player7_AwPh200 (29871942 in chips)
Player1_AwPh200: posts the ante 120000
Player2_AwPh200: posts the ante 120000
Player3_AwPh200: posts the ante 120000
Player4_AwPh200: posts the ante 120000
Player5_AwPh200: posts the ante 120000
Player6_AwPh200: posts the ante 120000
Player7_AwPh200: posts the ante 120000
Player4_AwPh200: posts small blind 500000
Player5_AwPh200: posts big blind 1000000
*** HOLE CARDS ***
Player6_AwPh200: folds
Player7_AwPh200: folds
Player1_AwPh200: folds
Player2_AwPh200: raises 6002706 to 7002706 and is all-in
Player3_AwPh200: folds
Player4_AwPh200: folds
Player5_AwPh200: folds
Uncalled bet (6002706) returned to Player2_AwPh200
Player2_AwPh200 collected 3340000 from pot
Player2_AwPh200: doesn't show hand
*** SUMMARY ***
Total pot 3340000 | Rake 0
Seat 1: Player1_AwPh200 folded before Flop (didn't bet)
Seat 2: Player2_AwPh200 collected (3340000)
Seat 3: Player3_AwPh200 (button) folded before Flop (didn't bet)
Seat 4: Player4_AwPh200 (small blind) folded before Flop
Seat 5: Player5_AwPh200 (big blind) folded before Flop
Seat 6: Player6_AwPh200 folded before Flop (didn't bet)
Seat 7: Player7_AwPh200 folded before Flop (didn't bet)


PokerStars Hand #1591195936: Tournament #1089228582, $100+$10 USD Hold'em No Limit - Level XXXIV (500000/1000000) - 2023/02/15 17:03:18 ET
Table '1089228582 9' 8-max Seat #4 is the button
Seat 1: Player1_AwPh200 (11342149 in chips)
Seat 2: Player2_AwPh200 (9342706 in chips)
Seat 3: Player3_AwPh200 (41871013 in chips)
Seat 4: Player4_AwPh200 (34266068 in chips)
Seat 5: Player5_AwPh200 (11226012 in chips)
Seat 6: Player6_AwPh200 (15210102 in chips)
Seat 7: Player7_AwPh200 (29751942 in chips)
Player1_AwPh200: posts the ante 120000
Player2_AwPh200: posts the ante 120000
Player3_AwPh200: posts the ante 120000
Player4_AwPh200: posts the ante 120000
Player5_AwPh200: posts the ante 120000
Player6_AwPh200: posts the ante 120000
Player7_AwPh200: posts the ante 120000
Player5_AwPh200: posts small blind 500000
Player6_AwPh200: posts big blind 1000000
*** HOLE CARDS ***
Player7_AwPh200: folds
Player1_AwPh200: folds
Player2_AwPh200: folds
Player3_AwPh200: folds
Player4_AwPh200: calls 1000000
Player5_AwPh200: folds
Player6_AwPh200: checks
*** FLOP *** [3s Kd 4h]
Player6_AwPh200: checks
Player4_AwPh200: bets 2000000
Player6_AwPh200: folds
Uncalled bet (2000000) returned to Player4_AwPh200
Player4_AwPh200 collected 3340000 from pot
Player4_AwPh200: doesn't show hand
*** SUMMARY ***
Total pot 3340000 | Rake 0
Board [3s Kd 4h]
Seat 1: Player1_AwPh200 folded before Flop (didn't bet)
Seat 2: Player2_AwPh200 folded before Flop (didn't bet)
Seat 3: Player3_AwPh200 folded before Flop (didn't bet)
Seat 4: Player4_AwPh200 (button) collected (3340000)
Seat 5: Player5_AwPh200 (small blind) folded before Flop
Seat 6: Player6_AwPh200 (big blind) folded on the Flop
Seat 7: Player7_AwPh200 folded before Flop (didn't bet)


PokerStars Hand #1591196354: Tournament #1089228582, $100+$10 USD Hold'em No Limit - Level XXXIV (500000/1000000) - 2023/02/15 17:03:53 ET
Table '1089228582 9' 8-max Seat #5 is the button
Seat 1: Player1_AwPh200 (11222149 in chips)
Seat 2: Player2_AwPh200 (9222706 in chips)
Seat 3: Player3_AwPh200 (41751013 in chips)
Seat 4: Player4_AwPh200 (36486068 in chips)
Seat 5: Player5_AwPh200 (10606012 in chips)
Seat 6: Player6_AwPh200 (14090102 in chips)
Seat 7: Player7_AwPh200 (29631942 in chips)
Seat 8: Player8_AwPh200 (13825016 in chips)
Player1_AwPh200: posts the ante 120000
Player2_AwPh200: posts the ante 120000
Player3_AwPh200: posts the ante 120000
Player4_AwPh200: posts the ante 120000
Player5_AwPh200: posts the ante 120000
Player6_AwPh200: posts the ante 120000
Player7_AwPh200: posts the ante 120000
Player8_AwPh200: posts the ante 120000
Player6_AwPh200: posts small blind 500000
Player7_AwPh200: posts big blind 1000000
*** HOLE CARDS ***
Player8_AwPh200: folds
Player1_AwPh200: folds
Player2_AwPh200: folds
Player3_AwPh200: folds
Player4_AwPh200: folds
Player5_AwPh200: raises 9486012 to 10486012 and is all-in
Player6_AwPh200: folds
Player7_AwPh200: folds
Uncalled bet (9486012) returned to Player5_AwPh200
Player5_AwPh200 collected 3460000 from pot
Player5_AwPh200: doesn't show hand
*** SUMMARY ***
Total pot 3460000 | Rake 0
Seat 1: Player1_AwPh200 folded before Flop (didn't bet)
Seat 2: Player2_AwPh200 folded before Flop (didn't bet)
Seat 3: Player3_AwPh200 folded before Flop (didn't bet)
Seat 4: Player4_AwPh200 folded before Flop (didn't bet)
Seat 5: Player5_AwPh200 (button) collected (3460000)
Seat 6: Player6_AwPh200 (small blind) folded before Flop
Seat 7: Player7_AwPh200 (big blind) folded before Flop
Seat 8: Player8_AwPh200 folded before Flop (didn't bet)


PokerStars Hand #1591196628: Tournament #1089228582, $100+$10 USD Hold'em No Limit - Level XXXIV (500000/1000000) - 2023/02/15 17:04:17 ET
Table '1089228582 9' 8-max Seat #6 is the button
Seat 1: Player1_AwPh200 (11102149 in chips)
Seat 2: Player2_AwPh200 (9102706 in chips)
Seat 3: Player3_AwPh200 (41631013 in chips)
Seat 4: Player4_AwPh200 (36366068 in chips)
Seat 5: Player5_AwPh200 (12946012 in chips)
Seat 6: Player6_AwPh200 (13470102 in chips)
Seat 7: Player7_AwPh200 (28511942 in chips)
Seat 8: Player8_AwPh200 (13705016 in chips)
Player1_AwPh200: posts the ante 120000
Player2_AwPh200: posts the ante 120000
Player3_AwPh200: posts the ante 120000
Player4_AwPh200: posts the ante 120000
Player5_AwPh200: posts the ante 120000
Player6_AwPh200: posts the ante 120000
Player7_AwPh200: posts the ante 120000
Player8_AwPh200: posts the ante 120000
Player7_AwPh200: posts small blind 500000
Player8_AwPh200: posts big blind 1000000
*** HOLE CARDS ***
Player1_AwPh200: folds
Player2_AwPh200: folds
Player3_AwPh200: folds
Player4_AwPh200: folds
Player5_AwPh200: folds
Player6_AwPh200: raises 12350102 to 13350102 and is all-in
Player7_AwPh200: folds
Player8_AwPh200: folds
Uncalled bet (12350102) returned to Player6_AwPh200
Player6_AwPh200 collected 3460000 from pot
Player6_AwPh200: doesn't show hand
*** SUMMARY ***
Total pot 3460000 | Rake 0
Seat 1: Player1_AwPh200 folded before Flop (didn't bet)
Seat 2: Player2_AwPh200 folded before Flop (didn't bet)
Seat 3: Player3_AwPh200 folded before Flop (didn't bet)
Seat 4: Player4_AwPh200 folded before Flop (didn't bet)
Seat 5: Player5_AwPh200 folded before Flop (didn't bet)
Seat 6: Player6_AwPh200 (button) collected (3460000)
Seat 7: Player7_AwPh200 (small blind) folded before Flop
Seat 8: Player8_AwPh200 (big blind) folded before Flop


PokerStars Hand #1591196932: Tournament #1089228582, $100+$10 USD Hold'em No Limit - Level XXXIV (500000/1000000) - 2023/02/15 17:04:44 ET
Table '1089228582 9' 8-max Seat #7 is the button
Seat 1: Player1_AwPh200 (10982149 in chips)
Seat 2: Player2_AwPh200 (8982706 in chips)
Seat 3: Player3_AwPh200 (41511013 in chips)
Seat 4: Player4_AwPh200 (36246068 in chips)
Seat 5: Player5_AwPh200 (12826012 in chips)
Seat 6: Player6_AwPh200 (15810102 in chips)
Seat 7: Player7_AwPh200 (27891942 in chips)
Seat 8: Player8_AwPh200 (12585016 in chips)
Player1_AwPh200: posts the ante 120000
Player2_AwPh200: posts the ante 120000
Player3_AwPh200: posts the ante 120000
Player4_AwPh200: posts the ante 120000
Player5_AwPh200: posts the ante 120000
Player6_AwPh200: posts the ante 120000
Player7_AwPh200: posts the ante 120000
Player8_AwPh200: posts the ante 120000
Player8_AwPh200: posts small blind 500000
Player1_AwPh200: posts big blind 1000000
*** HOLE CARDS ***
Player2_AwPh200: folds
Player3_AwPh200: folds
Player4_AwPh200: folds
Player5_AwPh200: folds
Player6_AwPh200: folds
Player7_AwPh200: calls 1000000
Player8_AwPh200: folds
Player1_AwPh200: checks
*** FLOP *** [3s Kd Kh]
Player1_AwPh200: checks
Player7_AwPh200: bets 1000000
Player1_AwPh200: folds
Uncalled bet (1000000) returned to Player7_AwPh200
Player7_AwPh200 collected 3460000 from pot
Player7_AwPh200: doesn't show hand
*** SUMMARY ***
Total pot 3460000 | Rake 0
Board [3s Kd Kh]
Seat 1: Player1_AwPh200 (big blind) folded on the Flop
Seat 2: Player2_AwPh200 folded before Flop (didn't bet)
Seat 3: Player3_AwPh200 folded before Flop (didn't bet)
Seat 4: Player4_AwPh200 folded before Flop (didn't bet)
Seat 5: Player5_AwPh200 folded before Flop (didn't bet)
Seat 6: Player6_AwPh200 folded before Flop (didn't bet)
Seat 7: Player7_AwPh200 (button) collected (3460000)
Seat 8: Player8_AwPh200 (small blind) folded before Flop


PokerStars Hand #1591197253: Tournament #1089228582, $100+$10 USD Hold'em No Limit - Level XXXIV (500000/1000000) - 2023/02/15 17:05:11 ET
Table '1089228582 9' 8-max Seat #8 is the button
Seat 1: Player1_AwPh200 (9862149 in chips)
Seat 2: Player2_AwPh200 (8862706 in chips)
Seat 3: Player3_AwPh200 (41391013 in chips)
Seat 4: Player4_AwPh200 (36126068 in chips)
Seat 5: Player5_AwPh200 (12706012 in chips)
Seat 6: Player6_AwPh200 (15690102 in chips)
Seat 7: Player7_AwPh200 (30231942 in chips)
Seat 8: Player8_AwPh200 (11965016 in chips)
Player1_AwPh200: posts the ante 120000
Player2_AwPh200: posts the ante 120000
Player3_AwPh200: posts the ante 120000
Player4_AwPh200: posts the ante 120000
Player5_AwPh200: posts the ante 120000
Player6_AwPh200: posts the ante 120000
Player7_AwPh200: posts the ante 120000
Player8_AwPh200: posts the ante 120000
Player1_AwPh200: posts small blind 500000
Player2_AwPh200: posts big blind 1000000
*** HOLE CARDS ***
Player3_AwPh200: folds
Player4_AwPh200: calls 1000000
Player5_AwPh200: folds
Player6_AwPh200: folds
Player7_AwPh200: folds
Player8_AwPh200: folds
Player1_AwPh200: calls 500000
Player2_AwPh200: raises 7742706 to 8742706 and is all-in
Player4_AwPh200: folds
Player1_AwPh200: folds
Uncalled bet (7742706) returned to Player2_AwPh200
Player2_AwPh200 collected 3960000 from pot
Player2_AwPh200: doesn't show hand
*** SUMMARY ***
Total pot 3960000 | Rake 0
Seat 1: Player1_AwPh200 (small blind) folded before Flop
Seat 2: Player2_AwPh200 (big blind) collected (3960000)
Seat 3: Player3_AwPh200 folded before Flop (didn't bet)
Seat 4: Player4_AwPh200 folded before Flop
Seat 5: Player5_AwPh200 folded before Flop (didn't bet)
Seat 6: Player6_AwPh200 folded before Flop (didn't bet)
Seat 7: Player7_AwPh200 folded before Flop (didn't bet)
Seat 8: Player8_AwPh200 (button) folded before Flop (didn't bet)


PokerStars Hand #1591197573: Tournament #1089228582, $100+$10 USD Hold'em No Limit - Level XXXIV (500000/1000000) - 2023/02/15 17:05:38 ET
Table '1089228582 9' 8-max Seat #1 is the button
Seat 1: Player1_AwPh200 (8742149 in chips)
Seat 2: Player2_AwPh200 (11702706 in chips)
Seat 3: Player3_AwPh200 (41271013 in chips)
Seat 4: Player4_AwPh200 (35006068 in chips)
Seat 5: Player5_AwPh200 (12586012 in chips)
Seat 6: Player6_AwPh200 (15570102 in chips)
Seat 7: Player7_AwPh200 (30111942 in chips)
Seat 8: Player8_AwPh200 (11845016 in chips)
Player1_AwPh200: posts the ante 120000
Player2_AwPh200: posts the ante 120000
Player3_AwPh200: posts the ante 120000
Player4_AwPh200: posts the ante 120000
Player5_AwPh200: posts the ante 120000
Player6_AwPh200: posts the ante 120000
Player7_AwPh200: posts the ante 120000
Player8_AwPh200: posts the ante 120000
Player2_AwPh200: posts small blind 500000
Player3_AwPh200: posts big blind 1000000
*** HOLE CARDS ***
Player4_AwPh200: folds
Player5_AwPh200: folds
Player6_AwPh200: folds
Player7_AwPh200: calls 1000000
Player8_AwPh200: folds
Player1_AwPh200: folds
Player2_AwPh200: folds
Player3_AwPh200: checks
*** FLOP *** [2c Tc 3s]
Player3_AwPh200: checks
Player7_AwPh200: bets 1000000
Player3_AwPh200: folds
Uncalled bet (1000000) returned to Player7_AwPh200
Player7_AwPh200 collected 3460000 from pot
Player7_AwPh200: doesn't show hand
*** SUMMARY ***
Total pot 3460000 | Rake 0
Board [2c Tc 3s]
Seat 1: Player1_AwPh200 (button) folded before Flop (didn't bet)
Seat 2: Player2_AwPh200 (small blind) folded before Flop
Seat 3: Player3_AwPh200 (big blind) folded on the Flop
Seat 4: Player4_AwPh200 folded before Flop (didn't bet)
Seat 5: Player5_AwPh200 folded before Flop (didn't bet)
Seat 6: Player6_AwPh200 folded before Flop (didn't bet)
Seat 7: Player7_AwPh200 collected (3460000)
Seat 8: Player8_AwPh200 folded before Flop (didn't bet)


PokerStars Hand #1591197875: Tournament #1089228582, $100+$10 USD Hold'em No Limit - Level XXXIV (500000/1000000) - 2023/02/15 17:06:04 ET
Table '1089228582 9' 8-max Seat #2 is the button
Seat 1: Player1_AwPh200 (8622149 in chips)
Seat 2: Player2_AwPh200 (11082706 in chips)
Seat 3: Player3_AwPh200 (40151013 in chips)
Seat 4: Player4_AwPh200 (34886068 in chips)
Seat 5: Player5_AwPh200 (12466012 in chips)
Seat 6: Player6_AwPh200 (15450102 in chips)
Seat 7: Player7_AwPh200 (32451942 in chips)
Seat 8: Player8_AwPh200 (11725016 in chips)
Player1_AwPh200: posts the ante 120000
Player2_AwPh200: posts the ante 120000
Player3_AwPh200: posts the ante 120000
Player4_AwPh200: posts the ante 120000
Player5_AwPh200: posts the ante 120000
Player6_AwPh200: posts the ante 120000
Player7_AwPh200: posts the ante 120000
Player8_AwPh200: posts the ante 120000
Player3_AwPh200: posts small blind 500000
Player4_AwPh200: posts big blind 1000000
*** HOLE CARDS ***
Player5_AwPh200: raises 11346012 to 12346012 and is all-in
Player6_AwPh200: folds
Player7_AwPh200: folds
Player8_AwPh200: folds
Player1_AwPh200: folds
Player2_AwPh200: folds
Player3_AwPh200: folds
Player4_AwPh200: folds
Uncalled bet (11346012) returned to Player5_AwPh200
Player5_AwPh200 collected 3460000 from pot
Player5_AwPh200: doesn't show hand
*** SUMMARY ***
Total pot 3460000 | Rake 0
Seat 1: Player1_AwPh200 folded before Flop (didn't bet)
Seat 2: Player2_AwPh200 (button) folded before Flop (didn't bet)
Seat 3: Player3_AwPh200 (small blind) folded before Flop
Seat 4: Player4_AwPh200 (big blind) folded before Flop
Seat 5: Player5_AwPh200 collected (3460000)
Seat 6: Player6_AwPh200 folded before Flop (didn't bet)
Seat 7: Player7_AwPh200 folded before Flop (didn't bet)
Seat 8: Player8_AwPh200 folded before Flop (didn't bet)


PokerStars Hand #1591198798: Tournament #1089228582, $100+$10 USD Hold'em No Limit - Level XXXIV (500000/1000000) - 2023/02/15 17:07:28 ET
Table '1089228582 9' 8-max Seat #3 is the button
Seat 1: Player1_AwPh200 (8502149 in chips)
Seat 2: Player2_AwPh200 (10962706 in chips)
Seat 3: Player3_AwPh200 (39531013 in chips)
Seat 4: Player4_AwPh200 (33766068 in chips)
Seat 5: Player5_AwPh200 (14806012 in chips)
Seat 6: Player6_AwPh200 (15330102 in chips)
Seat 7: Player7_AwPh200 (32331942 in chips)
Seat 8: Player8_AwPh200 (11605016 in chips)
Player1_AwPh200: posts the ante 120000
Player2_AwPh200: posts the ante 120000
Player3_AwPh200: posts the ante 120000
Player4_AwPh200: posts the ante 120000
Player5_AwPh200: posts the ante 120000
Player6_AwPh200: posts the ante 120000
Player7_AwPh200: posts the ante 120000
Player8_AwPh200: posts the ante 120000
Player4_AwPh200: posts small blind 500000
Player5_AwPh200: posts big blind 1000000
*** HOLE CARDS ***
Player6_AwPh200: folds
Player7_AwPh200: folds
Player8_AwPh200: folds
Player1_AwPh200: raises 7382149 to 8382149 and is all-in
Player2_AwPh200: calls 8382149
Player3_AwPh200: folds
Player4_AwPh200: folds
Player5_AwPh200: folds
*** FLOP *** [7s Kc 8h]
*** TURN *** [7s Kc 8h] [Jd]
*** RIVER *** [7s Kc 8h Jd] [Kh]
*** SHOW DOWN ***
Player1_AwPh200: shows [Qd Tc]
Player2_AwPh200: shows [9c 9h]
Player2_AwPh200 collected 19224298 from pot
*** SUMMARY ***
Total pot 19224298 | Rake 0
Board [7s Kc 8h Jd Kh]
Seat 1: Player1_AwPh200 showed [Qd Tc] and lost
Seat 2: Player2_AwPh200 showed [9c 9h] and won (19224298)
Seat 3: Player3_AwPh200 (button) folded before Flop (didn't bet)
Seat 4: Player4_AwPh200 (small blind) folded before Flop
Seat 5: Player5_AwPh200 (big blind) folded before Flop
Seat 6: Player6_AwPh200 folded before Flop (didn't bet)
Seat 7: Player7_AwPh200 folded before Flop (didn't bet)
Seat 8: Player8_AwPh200 folded before Flop (didn't bet)


PokerStars Hand #1591199083: Tournament #1089228582, $100+$10 USD Hold'em No Limit - Level XXXIV (500000/1000000) - 2023/02/15 17:07:53 ET
Table '1089228582 9' 8-max Seat #4 is the button
Seat 2: Player2_AwPh200 (21684855 in chips)
Seat 3: Player3_AwPh200 (39411013 in chips)
Seat 4: Player4_AwPh200 (33146068 in chips)
Seat 5: Player5_AwPh200 (13686012 in chips)
Seat 6: Player6_AwPh200 (15210102 in chips)
Seat 7: Player7_AwPh200 (32211942 in chips)
Seat 8: Player8_AwPh200 (11485016 in chips)
Player2_AwPh200: posts the ante 120000
Player3_AwPh200: posts the ante 120000
Player4_AwPh200: posts the ante 120000
Player5_AwPh200: posts the ante 120000
Player6_AwPh200: posts the ante 120000
Player7_AwPh200: posts the ante 120000
Player8_AwPh200: posts the ante 120000
Player5_AwPh200: posts small blind 500000
Player6_AwPh200: posts big blind 1000000
*** HOLE CARDS ***
Player7_AwPh200: folds
Player8_AwPh200: folds
Player2_AwPh200: folds
Player3_AwPh200: folds
Player4_AwPh200: folds
Player5_AwPh200: folds
Uncalled bet (500000) returned to Player6_AwPh200
Player6_AwPh200 collected 1840000 from pot
Player6_AwPh200: doesn't show hand
*** SUMMARY ***
Total pot 1840000 | Rake 0
Seat 2: Player2_AwPh200 folded before Flop (didn't bet)
Seat 3: Player3_AwPh200 folded before Flop (didn't bet)
Seat 4: Player4_AwPh200 (button) folded before Flop (didn't bet)
Seat 5: Player5_AwPh200 (small blind) folded before Flop
Seat 6: Player6_AwPh200 (big blind) collected (1840000)
Seat 7: Player7_AwPh200 folded before Flop (didn't bet)
Seat 8: Player8_AwPh200 folded before Flop (didn't bet)


PokerStars Hand #1591199296: Tournament #1089228582, $100+$10 USD Hold'em No Limit - Level XXXIV (500000/1000000) - 2023/02/15 17:08:13 ET
Table '1089228582 9' 8-max Seat #5 is the button
Seat 2: Player2_AwPh200 (21564855 in chips)
Seat 3: Player3_AwPh200 (39291013 in chips)
Seat 4: Player4_AwPh200 (33026068 in chips)
Seat 5: Player5_AwPh200 (13066012 in chips)
Seat 6: Player6_AwPh200 (16430102 in chips)
Seat 7: Player7_AwPh200 (32091942 in chips)
Seat 8: Player8_AwPh200 (11365016 in chips)
Player2_AwPh200: posts the ante 120000
Player3_AwPh200: posts the ante 120000
Player4_AwPh200: posts the ante 120000
Player5_AwPh200: posts the ante 120000
Player6_AwPh200: posts the ante 120000
Player7_AwPh200: posts the ante 120000
Player8_AwPh200: posts the ante 120000
Player6_AwPh200: posts small blind 500000
Player7_AwPh200: posts big blind 1000000
*** HOLE CARDS ***
Player8_AwPh200: raises 10245016 to 11245016 and is all-in
Player2_AwPh200: folds
Player3_AwPh200: folds
Player4_AwPh200: folds
Player5_AwPh200: folds
Player6_AwPh200: folds
Player7_AwPh200: folds
Uncalled bet (10245016) returned to Player8_AwPh200
Player8_AwPh200 collected 3340000 from pot
Player8_AwPh200: doesn't show hand
*** SUMMARY ***
Total pot 3340000 | Rake 0
Seat 2: Player2_AwPh200 folded before Flop (didn't bet)
Seat 3: Player3_AwPh200 folded before Flop (didn't bet)
Seat 4: Player4_AwPh200 folded before Flop (didn't bet)
Seat 5: Player5_AwPh200 (button) folded before Flop (didn't bet)
Seat 6: Player6_AwPh200 (small blind) folded before Flop
Seat 7: Player7_AwPh200 (big blind) folded before Flop
Seat 8: Player8_AwPh200 collected (3340000)


PokerStars Hand #1591199488: Tournament #1089228582, $100+$10 USD Hold'em No Limit - Level XXXIV (500000/1000000) - 2023/02/15 17:08:29 ET
Table '1089228582 9' 8-max Seat #6 is the button
Seat 2: Player2_AwPh200 (21444855 in chips)
Seat 3: Player3_AwPh200 (39171013 in chips)
Seat 4: Player4_AwPh200 (32906068 in chips)
Seat 5: Player5_AwPh200 (12946012 in chips)
Seat 6: Player6_AwPh200 (15810102 in chips)
Seat 7: Player7_AwPh200 (30971942 in chips)
Seat 8: Player8_AwPh200 (13585016 in chips)
Player2_AwPh200: posts the ante 120000
Player3_AwPh200: posts the ante 120000
Player4_AwPh200: posts the ante 120000
Player5_AwPh200: posts the ante 120000
Player6_AwPh200: posts the ante 120000
Player7_AwPh200: posts the ante 120000
Player8_AwPh200: posts the ante 120000
Player7_AwPh200: posts small blind 500000
Player8_AwPh200: posts big blind 1000000
*** HOLE CARDS ***
Player2_AwPh200: folds
Player3_AwPh200: folds
Player4_AwPh200: folds
Player5_AwPh200: folds
Player6_AwPh200: folds
Player7_AwPh200: calls 500000
Player8_AwPh200: checks
*** FLOP *** [Kh 7h As]
Player7_AwPh200: bets 1000000
Player8_AwPh200: folds
Uncalled bet (1000000) returned to Player7_AwPh200
Player7_AwPh200 collected 2840000 from pot
Player7_AwPh200: doesn't show hand
*** SUMMARY ***
Total pot 2840000 | Rake 0
Board [Kh 7h As]
Seat 2: Player2_AwPh200 folded before Flop (didn't bet)
Seat 3: Player3_AwPh200 folded before Flop (didn't bet)
Seat 4: Player4_AwPh200 folded before Flop (didn't bet)
Seat 5: Player5_AwPh200 folded before Flop (didn't bet)
Seat 6: Player6_AwPh200 (button) folded before Flop (didn't bet)
Seat 7: Player7_AwPh200 (small blind) collected (2840000)
Seat 8: Player8_AwPh200 (big blind) folded on the Flop


PokerStars Hand #1591199816: Tournament #1089228582, $100+$10 USD Hold'em No Limit - Level XXXIV (500000/1000000) - 2023/02/15 17:08:59 ET
Table '1089228582 9' 8-max Seat #7 is the button
Seat 2: Player2_AwPh200 (21324855 in chips)
Seat 3: Player3_AwPh200 (39051013 in chips)
Seat 4: Player4_AwPh200 (32786068 in chips)
Seat 5: Player5_AwPh200 (12826012 in chips)
Seat 6: Player6_AwPh200 (15690102 in chips)
Seat 7: Player7_AwPh200 (32691942 in chips)
Seat 8: Player8_AwPh200 (12465016 in chips)
Player2_AwPh200: posts the ante 120000
Player3_AwPh200: posts the ante 120000
Player4_AwPh200: posts the ante 120000
Player5_AwPh200: posts the ante 120000
Player6_AwPh200: posts the ante 120000
Player7_AwPh200: posts the ante 120000
Player8_AwPh200: posts the ante 120000
Player8_AwPh200: posts small blind 500000
Player2_AwPh200: posts big blind 1000000
*** HOLE CARDS ***
Player3_AwPh200: folds
Player4_AwPh200: calls 1000000
Player5_AwPh200: folds
Player6_AwPh200: folds
Player7_AwPh200: calls 1000000
Player8_AwPh200: folds
Player2_AwPh200: checks
*** FLOP *** [9h 8h Qc]
Player2_AwPh200: checks
Player4_AwPh200: bets 1000000
Player7_AwPh200: calls 1000000
Player2_AwPh200: calls 1000000
*** TURN *** [9h 8h Qc] [5c]
Player2_AwPh200: checks
Player4_AwPh200: bets 1000000
Player7_AwPh200: folds
Player2_AwPh200: calls 1000000
*** RIVER *** [9h 8h Qc 5c] [Th]
Player2_AwPh200: checks
Player4_AwPh200: bets 3000000
Player2_AwPh200: calls 3000000
*** SHOW DOWN ***
Player4_AwPh200: shows [4h Kh]
Player2_AwPh200: mucks hand
Player4_AwPh200 collected 15340000 from pot
*** SUMMARY ***
Total pot 15340000 | Rake 0
Board [9h 8h Qc 5c Th]
Seat 2: Player2_AwPh200 (big blind) mucked
Seat 3: Player3_AwPh200 folded before Flop (didn't bet)
Seat 4: Player4_AwPh200 showed [4h Kh] and won (15340000)
Seat 5: Player5_AwPh200 folded before Flop (didn't bet)
Seat 6: Player6_AwPh200 folded before Flop (didn't bet)
Seat 7: Player7_AwPh200 (button) folded on the Turn
Seat 8: Player8_AwPh200 (small blind) folded before Flop


PokerStars Hand #1591200440: Tournament #1089228582, $100+$10 USD Hold'em No Limit - Level XXXIV (500000/1000000) - 2023/02/15 17:09:53 ET
Table '1089228582 9' 8-max Seat #8 is the button
Seat 2: Player2_AwPh200 (15204855 in chips)
Seat 3: Player3_AwPh200 (38931013 in chips)
Seat 4: Player4_AwPh200 (42006068 in chips)
Seat 5: Player5_AwPh200 (12706012 in chips)
Seat 6: Player6_AwPh200 (15570102 in chips)
Seat 7: Player7_AwPh200 (30571942 in chips)
Seat 8: Player8_AwPh200 (11845016 in chips)
Player2_AwPh200: posts the ante 120000
Player3_AwPh200: posts the ante 120000
Player4_AwPh200: posts the ante 120000
Player5_AwPh200: posts the ante 120000
Player6_AwPh200: posts the ante 120000
Player7_AwPh200: posts the ante 120000
Player8_AwPh200: posts the ante 120000
Player2_AwPh200: posts small blind 500000
Player3_AwPh200: posts big blind 1000000
*** HOLE CARDS ***
Player4_AwPh200: calls 1000000
Player5_AwPh200: raises 11586012 to 12586012 and is all-in
Player6_AwPh200: folds
Player7_AwPh200: calls 12586012
Player8_AwPh200: folds
Player2_AwPh200: folds
Player3_AwPh200: folds
Player4_AwPh200: folds
*** FLOP *** [2s 4d 8s]
*** TURN *** [2s 4d 8s] [Ad]
*** RIVER *** [2s 4d 8s Ad] [Ts]
*** SHOW DOWN ***
Player5_AwPh200: shows [Qc As]
Player7_AwPh200: shows [Jd Js]
Player5_AwPh200 collected 28512024 from pot
*** SUMMARY ***
Total pot 28512024 | Rake 0
Board [2s 4d 8s Ad Ts]
Seat 2: Player2_AwPh200 (small blind) folded before Flop
Seat 3: Player3_AwPh200 (big blind) folded before Flop
Seat 4: Player4_AwPh200 folded before Flop
Seat 5: Player5_AwPh200 showed [Qc As] and won (28512024)
Seat 6: Player6_AwPh200 folded before Flop (didn't bet)
Seat 7: Player7_AwPh200 showed [Jd Js] and lost
Seat 8: Player8_AwPh200 (button) folded before Flop (didn't bet)


PokerStars Hand #1591200896: Tournament #1089228582, $100+$10 USD Hold'em No Limit - Level XXXIV (500000/1000000) - 2023/02/15 17:10:33 ET
Table '1089228582 9' 8-max Seat #2 is the button
Seat 2: Player2_AwPh200 (14584855 in chips)
Seat 3: Player3_AwPh200 (37811013 in chips)
Seat 4: Player4_AwPh200 (40886068 in chips)
Seat 5: Player5_AwPh200 (28512024 in chips)
Seat 6: Player6_AwPh200 (15450102 in chips)
Seat 7: Player7_AwPh200 (17865930 in chips)
Seat 8: Player8_AwPh200 (11725016 in chips)
Player2_AwPh200: posts the ante 120000
Player3_AwPh200: posts the ante 120000
Player4_AwPh200: posts the ante 120000
Player5_AwPh200: posts the ante 120000
Player6_AwPh200: posts the ante 120000
Player7_AwPh200: posts the ante 120000
Player8_AwPh200: posts the ante 120000
Player3_AwPh200: posts small blind 500000
Player4_AwPh200: posts big blind 1000000
*** HOLE CARDS ***
Player5_AwPh200: folds
Player6_AwPh200: folds
Player7_AwPh200: calls 1000000
Player8_AwPh200: folds
Player2_AwPh200: folds
Player3_AwPh200: folds
Player4_AwPh200: checks
*** FLOP *** [4c 9h Kd]
Player4_AwPh200: bets 1000000
Player7_AwPh200: calls 1000000
*** TURN *** [4c 9h Kd] [7s]
Player4_AwPh200: bets 2000000
Player7_AwPh200: folds
Uncalled bet (2000000) returned to Player4_AwPh200
Player4_AwPh200 collected 5340000 from pot
Player4_AwPh200: doesn't show hand
*** SUMMARY ***
Total pot 5340000 | Rake 0
Board [4c 9h Kd 7s]
Seat 2: Player2_AwPh200 (button) folded before Flop (didn't bet)
Seat 3: Player3_AwPh200 (small blind) folded before Flop
Seat 4: Player4_AwPh200 (big blind) collected (5340000)
Seat 5: Player5_AwPh200 folded before Flop (didn't bet)
Seat 6: Player6_AwPh200 folded before Flop (didn't bet)
Seat 7: Player7_AwPh200 folded on the Turn
Seat 8: Player8_AwPh200 folded before Flop (didn't bet)


PokerStars Hand #1591201923: Tournament #1089228582, $100+$10 USD Hold'em No Limit - Level XXXV (600000/1200000) - 2023/02/15 17:12:04 ET
Table '1089228582 9' 8-max Seat #4 is the button
Seat 2: Player2_AwPh200 (14344855 in chips)
Seat 3: Player3_AwPh200 (37071013 in chips)
Seat 4: Player4_AwPh200 (37986068 in chips)
Seat 5: Player5_AwPh200 (35112024 in chips)
Seat 6: Player6_AwPh200 (15210102 in chips)
Seat 7: Player7_AwPh200 (15625930 in chips)
Seat 8: Player8_AwPh200 (11485016 in chips)
Player2_AwPh200: posts the ante 150000
Player3_AwPh200: posts the ante 150000
Player4_AwPh200: posts the ante 150000
Player5_AwPh200: posts the ante 150000
Player6_AwPh200: posts the ante 150000
Player7_AwPh200: posts the ante 150000
Player8_AwPh200: posts the ante 150000
Player5_AwPh200: posts small blind 600000
Player6_AwPh200: posts big blind 1200000
*** HOLE CARDS ***
Player7_AwPh200: calls 1200000
Player8_AwPh200: folds
Player2_AwPh200: folds
Player3_AwPh200: folds
Player4_AwPh200: folds
Player5_AwPh200: folds
Player6_AwPh200: checks
*** FLOP *** [3d 8d Qc]
Player6_AwPh200: checks
Player7_AwPh200: bets 1200000
Player6_AwPh200: calls 1200000
*** TURN *** [3d 8d Qc] [2s]
Player6_AwPh200: checks
Player7_AwPh200: bets 3225000
Player6_AwPh200: folds
Uncalled bet (3225000) returned to Player7_AwPh200
Player7_AwPh200 collected 6450000 from pot
Player7_AwPh200: doesn't show hand
*** SUMMARY ***
Total pot 6450000 | Rake 0
Board [3d 8d Qc 2s]
Seat 2: Player2_AwPh200 folded before Flop (didn't bet)
Seat 3: Player3_AwPh200 folded before Flop (didn't bet)
Seat 4: Player4_AwPh200 (button) folded before Flop (didn't bet)
Seat 5: Player5_AwPh200 (small blind) folded before Flop
Seat 6: Player6_AwPh200 (big blind) folded on the Turn
Seat 7: Player7_AwPh200 collected (6450000)
Seat 8: Player8_AwPh200 folded before Flop (didn't bet)


PokerStars Hand #1591202415: Tournament #1089228582, $100+$10 USD Hold'em No Limit - Level XXXV (600000/1200000) - 2023/02/15 17:12:47 ET
Table '1089228582 9' 8-max Seat #5 is the button
Seat 2: Player2_AwPh200 (14194855 in chips)
Seat 3: Player3_AwPh200 (36921013 in chips)
Seat 5: Player5_AwPh200 (34362024 in chips)
Seat 6: Player6_AwPh200 (12660102 in chips)
Seat 7: Player7_AwPh200 (19525930 in chips)
Seat 8: Player8_AwPh200 (11335016 in chips)
Player2_AwPh200: posts the ante 150000
Player3_AwPh200: posts the ante 150000
Player5_AwPh200: posts the ante 150000
Player6_AwPh200: posts the ante 150000
Player7_AwPh200: posts the ante 150000
Player8_AwPh200: posts the ante 150000
Player6_AwPh200: posts small blind 600000
Player7_AwPh200: posts big blind 1200000
*** HOLE CARDS ***
Player8_AwPh200: folds
Player2_AwPh200: folds
Player3_AwPh200: raises 2400000 to 3600000
Player5_AwPh200: calls 3600000
Player6_AwPh200: folds
Player7_AwPh200: folds
*** FLOP *** [Jd Js 3c]
Player3_AwPh200: checks
Player5_AwPh200: bets 2400000
Player3_AwPh200: calls 2400000
*** TURN *** [Jd Js 3c] [2h]
Player3_AwPh200: checks
Player5_AwPh200: bets 4200000
Player3_AwPh200: calls 4200000
*** RIVER *** [Jd Js 3c 2h] [Kd]
Player3_AwPh200: checks
Player5_AwPh200: checks
*** SHOW DOWN ***
Player3_AwPh200: shows [Ac Ah]
Player5_AwPh200: shows [Qc Qd]
Player3_AwPh200 collected 23100000 from pot
*** SUMMARY ***
Total pot 23100000 | Rake 0
Board [Jd Js 3c 2h Kd]
Seat 2: Player2_AwPh200 folded before Flop (didn't bet)
Seat 3: Player3_AwPh200 showed [Ac Ah] and won (23100000)
Seat 5: Player5_AwPh200 (button) showed [Qc Qd] and lost
Seat 6: Player6_AwPh200 (small blind) folded before Flop
Seat 7: Player7_AwPh200 (big blind) folded before Flop
Seat 8: Player8_AwPh200 folded before Flop (didn't bet)


PokerStars Hand #1591203748: Tournament #1089228582, $100+$10 USD Hold'em No Limit - Level XXXV (600000/1200000) - 2023/02/15 17:14:44 ET
Table '1089228582 9' 8-max Seat #1 is the button
Seat 1: Player1_AwPh200 (2059327.04 in chips)
Seat 2: Player2_AwPh200 (12394855 in chips)
Seat 3: Player3_AwPh200 (6271340.04 in chips)
Seat 4: Player4_AwPh200 (8879600 in chips)
Seat 5: Player5_AwPh200 (29562024 in chips)
Seat 6: Player6_AwPh200 (11460102 in chips)
Seat 7: Player7_AwPh200 (17125930 in chips)
Seat 8: Player8_AwPh200 (8935016 in chips)
Player1_AwPh200: posts the ante 150000
Player2_AwPh200: posts the ante 150000
Player3_AwPh200: posts the ante 150000
Player4_AwPh200: posts the ante 150000
Player5_AwPh200: posts the ante 150000
Player6_AwPh200: posts the ante 150000
Player7_AwPh200: posts the ante 150000
Player8_AwPh200: posts the ante 150000
Player2_AwPh200: posts small blind 600000
Player3_AwPh200: posts big blind 1200000
*** HOLE CARDS ***
Player4_AwPh200: folds
Player5_AwPh200: folds
Player6_AwPh200: folds
Player7_AwPh200: calls 1200000
Player8_AwPh200: raises 7585016 to 8785016 and is all-in
Player1_AwPh200: folds
Player2_AwPh200: raises 3459839 to 12244855 and is all-in
Player3_AwPh200: folds
Player7_AwPh200: folds
Uncalled bet (3459839) returned to Player2_AwPh200
*** FLOP *** [4s 5c 4c]
*** TURN *** [4s 5c 4c] [3c]
*** RIVER *** [4s 5c 4c 3c] [Tc]
*** SHOW DOWN ***
Player2_AwPh200: shows [Kh Ac]
Player8_AwPh200: shows [Kd As]
Player2_AwPh200 collected 21170032 from pot
*** SUMMARY ***
Total pot 21170032 | Rake 0
Board [4s 5c 4c 3c Tc]
Seat 1: Player1_AwPh200 (button) folded before Flop (didn't bet)
Seat 2: Player2_AwPh200 (small blind) showed [Kh Ac] and won (21170032)
Seat 3: Player3_AwPh200 (big blind) folded before Flop
Seat 4: Player4_AwPh200 folded before Flop (didn't bet)
Seat 5: Player5_AwPh200 folded before Flop (didn't bet)
Seat 6: Player6_AwPh200 folded before Flop (didn't bet)
Seat 7: Player7_AwPh200 folded before Flop
Seat 8: Player8_AwPh200 showed [Kd As] and lost


PokerStars Hand #1591204258: Tournament #1089228582, $100+$10 USD Hold'em No Limit - Level XXXV (600000/1200000) - 2023/02/15 17:15:33 ET
Table '1089228582 9' 8-max Seat #3 is the button
Seat 1: Player1_AwPh200 (42309000 in chips)
Seat 2: Player2_AwPh200 (29729871 in chips)
Seat 3: Player3_AwPh200 (4171340.04 in chips)
Seat 4: Player4_AwPh200 (7379600 in chips)
Seat 5: Player5_AwPh200 (29262024 in chips)
Seat 6: Player6_AwPh200 (11160102 in chips)
Seat 7: Player7_AwPh200 (15625930 in chips)
Player1_AwPh200: posts the ante 150000
Player2_AwPh200: posts the ante 150000
Player3_AwPh200: posts the ante 150000
Player4_AwPh200: posts the ante 150000
Player5_AwPh200: posts the ante 150000
Player6_AwPh200: posts the ante 150000
Player7_AwPh200: posts the ante 150000
Player4_AwPh200: posts small blind 600000
Player5_AwPh200: posts big blind 1200000
*** HOLE CARDS ***
Player6_AwPh200: folds
Player7_AwPh200: calls 1200000
Player1_AwPh200: folds
Player2_AwPh200: raises 5250000 to 6450000
Player3_AwPh200: folds
Player4_AwPh200: raises 779600 to 7229600 and is all-in
Player5_AwPh200: folds
Player7_AwPh200: folds
Player2_AwPh200: calls 779600
*** FLOP *** [As 9h 3h]
*** TURN *** [As 9h 3h] [Th]
*** RIVER *** [As 9h 3h Th] [9d]
*** SHOW DOWN ***
Player2_AwPh200: shows [Ks Ac]
Player4_AwPh200: shows [6s 6d]
Player2_AwPh200 collected 17909200 from pot
*** SUMMARY ***
Total pot 17909200 | Rake 0
Board [As 9h 3h Th 9d]
Seat 1: Player1_AwPh200 folded before Flop (didn't bet)
Seat 2: Player2_AwPh200 showed [Ks Ac] and won (17909200)
Seat 3: Player3_AwPh200 (button) folded before Flop (didn't bet)
Seat 4: Player4_AwPh200 (small blind) showed [6s 6d] and lost
Seat 5: Player5_AwPh200 (big blind) folded before Flop
Seat 6: Player6_AwPh200 folded before Flop (didn't bet)
Seat 7: Player7_AwPh200 folded before Flop


PokerStars Hand #1591204497: Tournament #1089228582, $100+$10 USD Hold'em No Limit - Level XXXV (600000/1200000) - 2023/02/15 17:15:55 ET
Table '1089228582 9' 8-max Seat #3 is the button
Seat 1: Player1_AwPh200 (42159000 in chips)
Seat 2: Player2_AwPh200 (40259471 in chips)
Seat 3: Player3_AwPh200 (4021340.04 in chips)
Seat 5: Player5_AwPh200 (27912024 in chips)
Seat 6: Player6_AwPh200 (11010102 in chips)
Seat 7: Player7_AwPh200 (14275930 in chips)
Player1_AwPh200: posts the ante 150000
Player2_AwPh200: posts the ante 150000
Player3_AwPh200: posts the ante 150000
Player5_AwPh200: posts the ante 150000
Player6_AwPh200: posts the ante 150000
Player7_AwPh200: posts the ante 150000
Player5_AwPh200: posts small blind 600000
Player6_AwPh200: posts big blind 1200000
*** HOLE CARDS ***
Player7_AwPh200: calls 1200000
Player1_AwPh200: folds
Player2_AwPh200: folds
Player3_AwPh200: folds
Player5_AwPh200: folds
Player6_AwPh200: checks
*** FLOP *** [4s Js Kd]
Player6_AwPh200: checks
Player7_AwPh200: bets 1200000
Player6_AwPh200: raises 3150000 to 4350000
Player7_AwPh200: calls 3150000
*** TURN *** [4s Js Kd] [7s]
Player6_AwPh200: bets 5310102 and is all-in
Player7_AwPh200: calls 5310102
*** RIVER *** [4s Js Kd 7s] [Ks]
*** SHOW DOWN ***
Player6_AwPh200: shows [Th Kc]
Player7_AwPh200: shows [Kh 9h]
Player6_AwPh200 collected 23220204 from pot
*** SUMMARY ***
Total pot 23220204 | Rake 0
Board [4s Js Kd 7s Ks]
Seat 1: Player1_AwPh200 folded before Flop (didn't bet)
Seat 2: Player2_AwPh200 folded before Flop (didn't bet)
Seat 3: Player3_AwPh200 (button) folded before Flop (didn't bet)
Seat 5: Player5_AwPh200 (small blind) folded before Flop
Seat 6: Player6_AwPh200 (big blind) showed [Th Kc] and won (23220204)
Seat 7: Player7_AwPh200 showed [Kh 9h] and lost


PokerStars Hand #1591204954: Tournament #1089228582, $100+$10 USD Hold'em No Limit - Level XXXV (600000/1200000) - 2023/02/15 17:16:42 ET
Table '1089228582 9' 8-max Seat #5 is the button
Seat 1: Player1_AwPh200 (42009000 in chips)
Seat 2: Player2_AwPh200 (40109471 in chips)
Seat 3: Player3_AwPh200 (3871340.04 in chips)
Seat 5: Player5_AwPh200 (27162024 in chips)
Seat 6: Player6_AwPh200 (23220204 in chips)
Seat 7: Player7_AwPh200 (3265828 in chips)
Player1_AwPh200: posts the ante 150000
Player2_AwPh200: posts the ante 150000
Player3_AwPh200: posts the ante 150000
Player5_AwPh200: posts the ante 150000
Player6_AwPh200: posts the ante 150000
Player7_AwPh200: posts the ante 150000
Player6_AwPh200: posts small blind 600000
Player7_AwPh200: posts big blind 1200000
*** HOLE CARDS ***
Player1_AwPh200: folds
Player2_AwPh200: folds
Player3_AwPh200: folds
Player5_AwPh200: folds
Player6_AwPh200: raises 3300000 to 4500000
Player7_AwPh200: folds
Uncalled bet (3300000) returned to Player6_AwPh200
Player6_AwPh200 collected 3300000 from pot
Player6_AwPh200: doesn't show hand
*** SUMMARY ***
Total pot 3300000 | Rake 0
Seat 1: Player1_AwPh200 folded before Flop (didn't bet)
Seat 2: Player2_AwPh200 folded before Flop (didn't bet)
Seat 3: Player3_AwPh200 folded before Flop (didn't bet)
Seat 5: Player5_AwPh200 (button) folded before Flop (didn't bet)
Seat 6: Player6_AwPh200 (small blind) collected (3300000)
Seat 7: Player7_AwPh200 (big blind) folded before Flop


PokerStars Hand #1591205211: Tournament #1089228582, $100+$10 USD Hold'em No Limit - Level XXXV (600000/1200000) - 2023/02/15 17:17:07 ET
Table '1089228582 9' 8-max Seat #6 is the button
Seat 1: Player1_AwPh200 (41859000 in chips)
Seat 2: Player2_AwPh200 (39959471 in chips)
Seat 3: Player3_AwPh200 (3721340.04 in chips)
Seat 5: Player5_AwPh200 (27012024 in chips)
Seat 6: Player6_AwPh200 (25170204 in chips)
Seat 7: Player7_AwPh200 (1915828 in chips)
Player1_AwPh200: posts the ante 150000
Player2_AwPh200: posts the ante 150000
Player3_AwPh200: posts the ante 150000
Player5_AwPh200: posts the ante 150000
Player6_AwPh200: posts the ante 150000
Player7_AwPh200: posts the ante 150000
Player7_AwPh200: posts small blind 600000
Player1_AwPh200: posts big blind 1200000
*** HOLE CARDS ***
Player2_AwPh200: folds
Player3_AwPh200: folds
Player5_AwPh200: folds
Player6_AwPh200: folds
Player7_AwPh200: calls 600000
Player1_AwPh200: raises 1200000 to 2400000
Player7_AwPh200: calls 565828 and is all-in
Uncalled bet (634172) returned to Player1_AwPh200
*** FLOP *** [5s Td Jh]
*** TURN *** [5s Td Jh] [4d]
*** RIVER *** [5s Td Jh 4d] [8h]
*** SHOW DOWN ***
Player1_AwPh200: shows [6s As]
Player7_AwPh200: shows [Js 8d]
Player7_AwPh200 collected 4431656 from pot
*** SUMMARY ***
Total pot 4431656 | Rake 0
Board [5s Td Jh 4d 8h]
Seat 1: Player1_AwPh200 (big blind) showed [6s As] and lost
Seat 2: Player2_AwPh200 folded before Flop (didn't bet)
Seat 3: Player3_AwPh200 folded before Flop (didn't bet)
Seat 5: Player5_AwPh200 folded before Flop (didn't bet)
Seat 6: Player6_AwPh200 (button) folded before Flop (didn't bet)
Seat 7: Player7_AwPh200 (small blind) showed [Js 8d] and won (4431656)


PokerStars Hand #1591205445: Tournament #1089228582, $100+$10 USD Hold'em No Limit - Level XXXV (600000/1200000) - 2023/02/15 17:17:31 ET
Table '1089228582 9' 8-max Seat #7 is the button
Seat 1: Player1_AwPh200 (39943172 in chips)
Seat 2: Player2_AwPh200 (39809471 in chips)
Seat 3: Player3_AwPh200 (3571340.04 in chips)
Seat 5: Player5_AwPh200 (26862024 in chips)
Seat 6: Player6_AwPh200 (25020204 in chips)
Seat 7: Player7_AwPh200 (4431656 in chips)
Player1_AwPh200: posts the ante 150000
Player2_AwPh200: posts the ante 150000
Player3_AwPh200: posts the ante 150000
Player5_AwPh200: posts the ante 150000
Player6_AwPh200: posts the ante 150000
Player7_AwPh200: posts the ante 150000
Player1_AwPh200: posts small blind 600000
Player2_AwPh200: posts big blind 1200000
*** HOLE CARDS ***
Player3_AwPh200: folds
Player5_AwPh200: folds
Player6_AwPh200: raises 1200000 to 2400000
Player7_AwPh200: raises 1200000 to 3600000
Player1_AwPh200: folds
Player2_AwPh200: folds
Player6_AwPh200: raises 1200000 to 4800000
Player7_AwPh200: calls 681656 and is all-in
Uncalled bet (518344) returned to Player6_AwPh200
*** FLOP *** [3c Ts Kc]
*** TURN *** [3c Ts Kc] [5c]
*** RIVER *** [3c Ts Kc 5c] [4d]
*** SHOW DOWN ***
Player6_AwPh200: shows [3d Ah]
Player7_AwPh200: shows [Ad 8d]
Player6_AwPh200 collected 11263312 from pot
*** SUMMARY ***
Total pot 11263312 | Rake 0
Board [3c Ts Kc 5c 4d]
Seat 1: Player1_AwPh200 (small blind) folded before Flop
Seat 2: Player2_AwPh200 (big blind) folded before Flop
Seat 3: Player3_AwPh200 folded before Flop (didn't bet)
Seat 5: Player5_AwPh200 folded before Flop (didn't bet)
Seat 6: Player6_AwPh200 showed [3d Ah] and won (11263312)
Seat 7: Player7_AwPh200 (button) showed [Ad 8d] and lost


PokerStars Hand #1591205921: Tournament #1089228582, $100+$10 USD Hold'em No Limit - Level XXXV (600000/1200000) - 2023/02/15 17:18:18 ET
Table '1089228582 9' 8-max Seat #1 is the button
Seat 1: Player1_AwPh200 (39193172 in chips)
Seat 2: Player2_AwPh200 (38459471 in chips)
Seat 3: Player3_AwPh200 (3421340.04 in chips)
Seat 5: Player5_AwPh200 (26712024 in chips)
Seat 6: Player6_AwPh200 (31851860 in chips)
Player1_AwPh200: posts the ante 150000
Player2_AwPh200: posts the ante 150000
Player3_AwPh200: posts the ante 150000
Player5_AwPh200: posts the ante 150000
Player6_AwPh200: posts the ante 150000
Player2_AwPh200: posts small blind 600000
Player3_AwPh200: posts big blind 1200000
*** HOLE CARDS ***
Player5_AwPh200: folds
Player6_AwPh200: folds
Player1_AwPh200: folds
Player2_AwPh200: folds
Uncalled bet (600000) returned to Player3_AwPh200
Player3_AwPh200 collected 1950000 from pot
Player3_AwPh200: doesn't show hand
*** SUMMARY ***
Total pot 1950000 | Rake 0
Seat 1: Player1_AwPh200 (button) folded before Flop (didn't bet)
Seat 2: Player2_AwPh200 (small blind) folded before Flop
Seat 3: Player3_AwPh200 (big blind) collected (1950000)
Seat 5: Player5_AwPh200 folded before Flop (didn't bet)
Seat 6: Player6_AwPh200 folded before Flop (didn't bet)


PokerStars Hand #1591205990: Tournament #1089228582, $100+$10 USD Hold'em No Limit - Level XXXV (600000/1200000) - 2023/02/15 17:18:26 ET
Table '1089228582 9' 8-max Seat #2 is the button
Seat 1: Player1_AwPh200 (39043172 in chips)
Seat 2: Player2_AwPh200 (37709471 in chips)
Seat 3: Player3_AwPh200 (4621340.04 in chips)
Seat 5: Player5_AwPh200 (26562024 in chips)
Seat 6: Player6_AwPh200 (31701860 in chips)
Player1_AwPh200: posts the ante 150000
Player2_AwPh200: posts the ante 150000
Player3_AwPh200: posts the ante 150000
Player5_AwPh200: posts the ante 150000
Player6_AwPh200: posts the ante 150000
Player3_AwPh200: posts small blind 600000
Player5_AwPh200: posts big blind 1200000
*** HOLE CARDS ***
Player6_AwPh200: folds
Player1_AwPh200: folds
Player2_AwPh200: raises 2400000 to 3600000
Player3_AwPh200: folds
Player5_AwPh200: folds
Uncalled bet (2400000) returned to Player2_AwPh200
Player2_AwPh200 collected 3750000 from pot
Player2_AwPh200: doesn't show hand
*** SUMMARY ***
Total pot 3750000 | Rake 0
Seat 1: Player1_AwPh200 folded before Flop (didn't bet)
Seat 2: Player2_AwPh200 (button) collected (3750000)
Seat 3: Player3_AwPh200 (small blind) folded before Flop
Seat 5: Player5_AwPh200 (big blind) folded before Flop
Seat 6: Player6_AwPh200 folded before Flop (didn't bet)


PokerStars Hand #1591206171: Tournament #1089228582, $100+$10 USD Hold'em No Limit - Level XXXV (600000/1200000) - 2023/02/15 17:18:43 ET
Table '1089228582 9' 8-max Seat #3 is the button
Seat 1: Player1_AwPh200 (38893172 in chips)
Seat 2: Player2_AwPh200 (40109471 in chips)
Seat 3: Player3_AwPh200 (3871340.04 in chips)
Seat 5: Player5_AwPh200 (25212024 in chips)
Seat 6: Player6_AwPh200 (31551860 in chips)
Seat 7: Player7_AwPh200 (35449606 in chips)
Player1_AwPh200: posts the ante 150000
Player2_AwPh200: posts the ante 150000
Player3_AwPh200: posts the ante 150000
Player5_AwPh200: posts the ante 150000
Player6_AwPh200: posts the ante 150000
Player7_AwPh200: posts the ante 150000
Player5_AwPh200: posts small blind 600000
Player6_AwPh200: posts big blind 1200000
*** HOLE CARDS ***
Player7_AwPh200: folds
Player1_AwPh200: folds
Player2_AwPh200: folds
Player3_AwPh200: folds
Player5_AwPh200: calls 600000
Player6_AwPh200: raises 3000000 to 4200000
Player5_AwPh200: folds
Uncalled bet (3000000) returned to Player6_AwPh200
Player6_AwPh200 collected 3300000 from pot
Player6_AwPh200: doesn't show hand
*** SUMMARY ***
Total pot 3300000 | Rake 0
Seat 1: Player1_AwPh200 folded before Flop (didn't bet)
Seat 2: Player2_AwPh200 folded before Flop (didn't bet)
Seat 3: Player3_AwPh200 (button) folded before Flop (didn't bet)
Seat 5: Player5_AwPh200 (small blind) folded before Flop
Seat 6: Player6_AwPh200 (big blind) collected (3300000)
Seat 7: Player7_AwPh200 folded before Flop (didn't bet)


PokerStars Hand #1591206974: Tournament #1089228582, $100+$10 USD Hold'em No Limit - Level XXXV (600000/1200000) - 2023/02/15 17:20:05 ET
Table '1089228582 9' 8-max Seat #7 is the button
Seat 1: Player1_AwPh200 (37243172 in chips)
Seat 2: Player2_AwPh200 (39659471 in chips)
Seat 3: Player3_AwPh200 (6121340.04 in chips)
Seat 5: Player5_AwPh200 (23562024 in chips)
Seat 6: Player6_AwPh200 (32601860 in chips)
Seat 7: Player7_AwPh200 (35899606 in chips)
Player1_AwPh200: posts the ante 150000
Player2_AwPh200: posts the ante 150000
Player3_AwPh200: posts the ante 150000
Player5_AwPh200: posts the ante 150000
Player6_AwPh200: posts the ante 150000
Player7_AwPh200: posts the ante 150000
Player1_AwPh200: posts small blind 600000
Player2_AwPh200: posts big blind 1200000
*** HOLE CARDS ***
Player3_AwPh200: folds
Player5_AwPh200: folds
Player6_AwPh200: raises 1200000 to 2400000
Player7_AwPh200: folds
Player1_AwPh200: folds
Player2_AwPh200: calls 1200000
*** FLOP *** [5s Tc 6d]
Player2_AwPh200: checks
Player6_AwPh200: bets 3600000
Player2_AwPh200: calls 3600000
*** TURN *** [5s Tc 6d] [8d]
Player2_AwPh200: checks
Player6_AwPh200: checks
*** RIVER *** [5s Tc 6d 8d] [Ad]
Player2_AwPh200: bets 3600000
Player6_AwPh200: folds
Uncalled bet (3600000) returned to Player2_AwPh200
Player2_AwPh200 collected 13500000 from pot
Player2_AwPh200: doesn't show hand
*** SUMMARY ***
Total pot 13500000 | Rake 0
Board [5s Tc 6d 8d Ad]
Seat 1: Player1_AwPh200 (small blind) folded before Flop
Seat 2: Player2_AwPh200 (big blind) collected (13500000)
Seat 3: Player3_AwPh200 folded before Flop (didn't bet)
Seat 5: Player5_AwPh200 folded before Flop (didn't bet)
Seat 6: Player6_AwPh200 folded on the River
Seat 7: Player7_AwPh200 (button) folded before Flop (didn't bet)


PokerStars Hand #1591207685: Tournament #1089228582, $100+$10 USD Hold'em No Limit - Level XXXV (600000/1200000) - 2023/02/15 17:21:14 ET
Table '1089228582 9' 8-max Seat #1 is the button
Seat 1: Player1_AwPh200 (36493172 in chips)
Seat 2: Player2_AwPh200 (4059798.04 in chips)
Seat 3: Player3_AwPh200 (5971340.04 in chips)
Seat 5: Player5_AwPh200 (23412024 in chips)
Seat 6: Player6_AwPh200 (26451860 in chips)
Seat 7: Player7_AwPh200 (35749606 in chips)
Player1_AwPh200: posts the ante 150000
Player2_AwPh200: posts the ante 150000
Player3_AwPh200: posts the ante 150000
Player5_AwPh200: posts the ante 150000
Player6_AwPh200: posts the ante 150000
Player7_AwPh200: posts the ante 150000
Player2_AwPh200: posts small blind 600000
Player3_AwPh200: posts big blind 1200000
*** HOLE CARDS ***
Player5_AwPh200: folds
Player6_AwPh200: folds
Player7_AwPh200: folds
Player1_AwPh200: raises 1286392 to 2486392
Player2_AwPh200: folds
Player3_AwPh200: folds
Uncalled bet (1286392) returned to Player1_AwPh200
Player1_AwPh200 collected 3900000 from pot
Player1_AwPh200: doesn't show hand
*** SUMMARY ***
Total pot 3900000 | Rake 0
Seat 1: Player1_AwPh200 (button) collected (3900000)
Seat 2: Player2_AwPh200 (small blind) folded before Flop
Seat 3: Player3_AwPh200 (big blind) folded before Flop
Seat 5: Player5_AwPh200 folded before Flop (didn't bet)
Seat 6: Player6_AwPh200 folded before Flop (didn't bet)
Seat 7: Player7_AwPh200 folded before Flop (didn't bet)


PokerStars Hand #1591207898: Tournament #1089228582, $100+$10 USD Hold'em No Limit - Level XXXVI (750000/1500000) - 2023/02/15 17:21:36 ET
Table '1089228582 9' 8-max Seat #2 is the button
Seat 1: Player1_AwPh200 (39043172 in chips)
Seat 2: Player2_AwPh200 (3309798.04 in chips)
Seat 3: Player3_AwPh200 (4621340.04 in chips)
Seat 5: Player5_AwPh200 (23262024 in chips)
Seat 6: Player6_AwPh200 (26301860 in chips)
Seat 7: Player7_AwPh200 (35599606 in chips)
Player1_AwPh200: posts the ante 200000
Player2_AwPh200: posts the ante 200000
Player3_AwPh200: posts the ante 200000
Player5_AwPh200: posts the ante 200000
Player6_AwPh200: posts the ante 200000
Player7_AwPh200: posts the ante 200000
Player3_AwPh200: posts small blind 750000
Player5_AwPh200: posts big blind 1500000
*** HOLE CARDS ***
Player6_AwPh200: folds
Player7_AwPh200: folds
Player1_AwPh200: folds
Player2_AwPh200: folds
Player3_AwPh200: folds
Uncalled bet (750000) returned to Player5_AwPh200
Player5_AwPh200 collected 2700000 from pot
Player5_AwPh200: doesn't show hand
*** SUMMARY ***
Total pot 2700000 | Rake 0
Seat 1: Player1_AwPh200 folded before Flop (didn't bet)
Seat 2: Player2_AwPh200 (button) folded before Flop (didn't bet)
Seat 3: Player3_AwPh200 (small blind) folded before Flop
Seat 5: Player5_AwPh200 (big blind) collected (2700000)
Seat 6: Player6_AwPh200 folded before Flop (didn't bet)
Seat 7: Player7_AwPh200 folded before Flop (didn't bet)


PokerStars Hand #1591208010: Tournament #1089228582, $100+$10 USD Hold'em No Limit - Level XXXVI (750000/1500000) - 2023/02/15 17:21:46 ET
Table '1089228582 9' 8-max Seat #3 is the button
Seat 1: Player1_AwPh200 (38843172 in chips)
Seat 2: Player2_AwPh200 (3109798.04 in chips)
Seat 3: Player3_AwPh200 (3671340.04 in chips)
Seat 5: Player5_AwPh200 (25012024 in chips)
Seat 6: Player6_AwPh200 (26101860 in chips)
Seat 7: Player7_AwPh200 (35399606 in chips)
Player1_AwPh200: posts the ante 200000
Player2_AwPh200: posts the ante 200000
Player3_AwPh200: posts the ante 200000
Player5_AwPh200: posts the ante 200000
Player6_AwPh200: posts the ante 200000
Player7_AwPh200: posts the ante 200000
Player5_AwPh200: posts small blind 750000
Player6_AwPh200: posts big blind 1500000
*** HOLE CARDS ***
Player7_AwPh200: folds
Player1_AwPh200: raises 1500000 to 3000000
Player2_AwPh200: folds
Player3_AwPh200: folds
Player5_AwPh200: folds
Player6_AwPh200: folds
Uncalled bet (1500000) returned to Player1_AwPh200
Player1_AwPh200 collected 4950000 from pot
Player1_AwPh200: shows [Kd Ah]
*** SUMMARY ***
Total pot 4950000 | Rake 0
Seat 1: Player1_AwPh200 showed [Kd Ah] and won (4950000)
Seat 2: Player2_AwPh200 folded before Flop (didn't bet)
Seat 3: Player3_AwPh200 (button) folded before Flop (didn't bet)
Seat 5: Player5_AwPh200 (small blind) folded before Flop
Seat 6: Player6_AwPh200 (big blind) folded before Flop
Seat 7: Player7_AwPh200 folded before Flop (didn't bet)


PokerStars Hand #1591208562: Tournament #1089228582, $100+$10 USD Hold'em No Limit - Level XXXVI (750000/1500000) - 2023/02/15 17:22:40 ET
Table '1089228582 9' 8-max Seat #6 is the button
Seat 1: Player1_AwPh200 (41893172 in chips)
Seat 2: Player2_AwPh200 (2709798.04 in chips)
Seat 3: Player3_AwPh200 (3271340.04 in chips)
Seat 5: Player5_AwPh200 (27312024 in chips)
Seat 6: Player6_AwPh200 (23451860 in chips)
Seat 7: Player7_AwPh200 (33499606 in chips)
Player1_AwPh200: posts the ante 200000
Player2_AwPh200: posts the ante 200000
Player3_AwPh200: posts the ante 200000
Player5_AwPh200: posts the ante 200000
Player6_AwPh200: posts the ante 200000
Player7_AwPh200: posts the ante 200000
Player7_AwPh200: posts small blind 750000
Player1_AwPh200: posts big blind 1500000
*** HOLE CARDS ***
Player2_AwPh200: folds
Player3_AwPh200: folds
Player5_AwPh200: folds
Player6_AwPh200: folds
Player7_AwPh200: folds
Uncalled bet (750000) returned to Player1_AwPh200
Player1_AwPh200 collected 2700000 from pot
Player1_AwPh200: doesn't show hand
*** SUMMARY ***
Total pot 2700000 | Rake 0
Seat 1: Player1_AwPh200 (big blind) collected (2700000)
Seat 2: Player2_AwPh200 folded before Flop (didn't bet)
Seat 3: Player3_AwPh200 folded before Flop (didn't bet)
Seat 5: Player5_AwPh200 folded before Flop (didn't bet)
Seat 6: Player6_AwPh200 (button) folded before Flop (didn't bet)
Seat 7: Player7_AwPh200 (small blind) folded before Flop


PokerStars Hand #1591209053: Tournament #1089228582, $100+$10 USD Hold'em No Limit - Level XXXVI (750000/1500000) - 2023/02/15 17:23:26 ET
Table '1089228582 9' 8-max Seat #1 is the button
Seat 1: Player1_AwPh200 (40443172 in chips)
Seat 2: Player2_AwPh200 (6509798.04 in chips)
Seat 3: Player3_AwPh200 (2871340.04 in chips)
Seat 5: Player5_AwPh200 (26912024 in chips)
Seat 6: Player6_AwPh200 (23051860 in chips)
Seat 7: Player7_AwPh200 (32349606 in chips)
Player1_AwPh200: posts the ante 200000
Player2_AwPh200: posts the ante 200000
Player3_AwPh200: posts the ante 200000
Player5_AwPh200: posts the ante 200000
Player6_AwPh200: posts the ante 200000
Player7_AwPh200: posts the ante 200000
Player2_AwPh200: posts small blind 750000
Player3_AwPh200: posts big blind 1500000
*** HOLE CARDS ***
Player5_AwPh200: folds
Player6_AwPh200: raises 1500000 to 3000000
Player7_AwPh200: folds
Player1_AwPh200: calls 3000000
Player2_AwPh200: folds
Player3_AwPh200: folds
*** FLOP *** [8s Ac 7c]
Player6_AwPh200: bets 2250000
Player1_AwPh200: calls 2250000
*** TURN *** [8s Ac 7c] [Kh]
Player6_AwPh200: checks
Player1_AwPh200: checks
*** RIVER *** [8s Ac 7c Kh] [Kc]
Player6_AwPh200: checks
Player1_AwPh200: bets 4500000
Player6_AwPh200: folds
Uncalled bet (4500000) returned to Player1_AwPh200
Player1_AwPh200 collected 13950000 from pot
Player1_AwPh200: doesn't show hand
*** SUMMARY ***
Total pot 13950000 | Rake 0
Board [8s Ac 7c Kh Kc]
Seat 1: Player1_AwPh200 (button) collected (13950000)
Seat 2: Player2_AwPh200 (small blind) folded before Flop
Seat 3: Player3_AwPh200 (big blind) folded before Flop
Seat 5: Player5_AwPh200 folded before Flop (didn't bet)
Seat 6: Player6_AwPh200 folded on the River
Seat 7: Player7_AwPh200 folded before Flop (didn't bet)


PokerStars Hand #1591209932: Tournament #1089228582, $100+$10 USD Hold'em No Limit - Level XXXVI (750000/1500000) - 2023/02/15 17:24:49 ET
Table '1089228582 9' 8-max Seat #2 is the button
Seat 1: Player1_AwPh200 (5993499.04 in chips)
Seat 2: Player2_AwPh200 (5559798.04 in chips)
Seat 3: Player3_AwPh200 (1171340.04 in chips)
Seat 5: Player5_AwPh200 (26712024 in chips)
Seat 6: Player6_AwPh200 (17601860 in chips)
Seat 7: Player7_AwPh200 (32149606 in chips)
Player1_AwPh200: posts the ante 200000
Player2_AwPh200: posts the ante 200000
Player3_AwPh200: posts the ante 200000
Player5_AwPh200: posts the ante 200000
Player6_AwPh200: posts the ante 200000
Player7_AwPh200: posts the ante 200000
Player3_AwPh200: posts small blind 750000
Player5_AwPh200: posts big blind 1500000
*** HOLE CARDS ***
Player6_AwPh200: folds
Player7_AwPh200: raises 1650000 to 3150000
Player1_AwPh200: folds
Player2_AwPh200: folds
Player3_AwPh200: folds
Player5_AwPh200: folds
Uncalled bet (1650000) returned to Player7_AwPh200
Player7_AwPh200 collected 4950000 from pot
Player7_AwPh200: doesn't show hand
*** SUMMARY ***
Total pot 4950000 | Rake 0
Seat 1: Player1_AwPh200 folded before Flop (didn't bet)
Seat 2: Player2_AwPh200 (button) folded before Flop (didn't bet)
Seat 3: Player3_AwPh200 (small blind) folded before Flop
Seat 5: Player5_AwPh200 (big blind) folded before Flop
Seat 6: Player6_AwPh200 folded before Flop (didn't bet)
Seat 7: Player7_AwPh200 collected (4950000)


PokerStars Hand #1591210093: Tournament #1089228582, $100+$10 USD Hold'em No Limit - Level XXXVI (750000/1500000) - 2023/02/15 17:25:05 ET
Table '1089228582 9' 8-max Seat #3 is the button
Seat 1: Player1_AwPh200 (5793499.04 in chips)
Seat 2: Player2_AwPh200 (5359798.04 in chips)
Seat 3: Player3_AwPh200 (221340.04 in chips)
Seat 5: Player5_AwPh200 (25012024 in chips)
Seat 6: Player6_AwPh200 (17401860 in chips)
Seat 7: Player7_AwPh200 (35399606 in chips)
Player1_AwPh200: posts the ante 200000
Player2_AwPh200: posts the ante 200000
Player3_AwPh200: posts the ante 200000
Player5_AwPh200: posts the ante 200000
Player6_AwPh200: posts the ante 200000
Player7_AwPh200: posts the ante 200000
Player5_AwPh200: posts small blind 750000
Player6_AwPh200: posts big blind 1500000
*** HOLE CARDS ***
Player7_AwPh200: folds
Player1_AwPh200: folds
Player2_AwPh200: folds
Player3_AwPh200: folds
Player5_AwPh200: folds
Uncalled bet (750000) returned to Player6_AwPh200
Player6_AwPh200 collected 2700000 from pot
Player6_AwPh200: doesn't show hand
*** SUMMARY ***
Total pot 2700000 | Rake 0
Seat 1: Player1_AwPh200 folded before Flop (didn't bet)
Seat 2: Player2_AwPh200 folded before Flop (didn't bet)
Seat 3: Player3_AwPh200 (button) folded before Flop (didn't bet)
Seat 5: Player5_AwPh200 (small blind) folded before Flop
Seat 6: Player6_AwPh200 (big blind) collected (2700000)
Seat 7: Player7_AwPh200 folded before Flop (didn't bet)


PokerStars Hand #1591210312: Tournament #1089228582, $100+$10 USD Hold'em No Limit - Level XXXVI (750000/1500000) - 2023/02/15 17:25:24 ET
Table '1089228582 9' 8-max Seat #5 is the button
Seat 1: Player1_AwPh200 (5593499.04 in chips)
Seat 2: Player2_AwPh200 (5159798.04 in chips)
Seat 3: Player3_AwPh200 (21340.04 in chips)
Seat 5: Player5_AwPh200 (24062024 in chips)
Seat 6: Player6_AwPh200 (19151860 in chips)
Seat 7: Player7_AwPh200 (35199606 in chips)
Player1_AwPh200: posts the ante 200000
Player2_AwPh200: posts the ante 200000
Player3_AwPh200: posts the ante 21340.04 and is all-in
Player5_AwPh200: posts the ante 200000
Player6_AwPh200: posts the ante 200000
Player7_AwPh200: posts the ante 200000
Player6_AwPh200: posts small blind 750000
Player7_AwPh200: posts big blind 1500000
*** HOLE CARDS ***
Player1_AwPh200: folds
Player2_AwPh200: folds
Player3_AwPh200: folds
Player5_AwPh200: folds
Player6_AwPh200: folds
Uncalled bet (750000) returned to Player7_AwPh200
Player7_AwPh200 collected 2521340.04 from pot
Player7_AwPh200: doesn't show hand
*** SUMMARY ***
Total pot 2521340.04 | Rake 0
Seat 1: Player1_AwPh200 folded before Flop (didn't bet)
Seat 2: Player2_AwPh200 folded before Flop (didn't bet)
Seat 3: Player3_AwPh200 folded before Flop (didn't bet)
Seat 5: Player5_AwPh200 (button) folded before Flop (didn't bet)
Seat 6: Player6_AwPh200 (small blind) folded before Flop
Seat 7: Player7_AwPh200 (big blind) collected (2521340.04)


PokerStars Hand #1591210971: Tournament #1089228582, $100+$10 USD Hold'em No Limit - Level XXXVI (750000/1500000) - 2023/02/15 17:26:25 ET
Table '1089228582 9' 8-max Seat #7 is the button
Seat 1: Player1_AwPh200 (14643499.04 in chips)
Seat 2: Player2_AwPh200 (40209471 in chips)
Seat 3: Player3_AwPh200 (42571013 in chips)
Seat 5: Player5_AwPh200 (23662024 in chips)
Seat 6: Player6_AwPh200 (18001860 in chips)
Seat 7: Player7_AwPh200 (35999606 in chips)
Player1_AwPh200: posts the ante 200000
Player2_AwPh200: posts the ante 200000
Player3_AwPh200: posts the ante 200000
Player5_AwPh200: posts the ante 200000
Player6_AwPh200: posts the ante 200000
Player7_AwPh200: posts the ante 200000
Player1_AwPh200: posts small blind 750000
Player2_AwPh200: posts big blind 1500000
*** HOLE CARDS ***
Player3_AwPh200: raises 2250000 to 3750000
Player5_AwPh200: folds
Player6_AwPh200: folds
Player7_AwPh200: folds
Player1_AwPh200: calls 3000000
Player2_AwPh200: folds
*** FLOP *** [Ts 9d 6d]
Player1_AwPh200: bets 3000000
Player3_AwPh200: calls 3000000
*** TURN *** [Ts 9d 6d] [Qd]
Player1_AwPh200: checks
Player3_AwPh200: bets 16200000
Player1_AwPh200: folds
Uncalled bet (16200000) returned to Player3_AwPh200
Player3_AwPh200 collected 16200000 from pot
Player3_AwPh200: doesn't show hand
*** SUMMARY ***
Total pot 16200000 | Rake 0
Board [Ts 9d 6d Qd]
Seat 1: Player1_AwPh200 (small blind) folded on the Turn
Seat 2: Player2_AwPh200 (big blind) folded before Flop
Seat 3: Player3_AwPh200 collected (16200000)
Seat 5: Player5_AwPh200 folded before Flop (didn't bet)
Seat 6: Player6_AwPh200 folded before Flop (didn't bet)
Seat 7: Player7_AwPh200 (button) folded before Flop (didn't bet)


PokerStars Hand #1591211401: Tournament #1089228582, $100+$10 USD Hold'em No Limit - Level XXXVI (750000/1500000) - 2023/02/15 17:27:06 ET
Table '1089228582 9' 8-max Seat #1 is the button
Seat 1: Player1_AwPh200 (7693499.04 in chips)
Seat 2: Player2_AwPh200 (38509471 in chips)
Seat 3: Player3_AwPh200 (8871340.04 in chips)
Seat 5: Player5_AwPh200 (23462024 in chips)
Seat 6: Player6_AwPh200 (17801860 in chips)
Seat 7: Player7_AwPh200 (35799606 in chips)
Player1_AwPh200: posts the ante 200000
Player2_AwPh200: posts the ante 200000
Player3_AwPh200: posts the ante 200000
Player5_AwPh200: posts the ante 200000
Player6_AwPh200: posts the ante 200000
Player7_AwPh200: posts the ante 200000
Player2_AwPh200: posts small blind 750000
Player3_AwPh200: posts big blind 1500000
*** HOLE CARDS ***
Player5_AwPh200: folds
Player6_AwPh200: raises 16101860 to 17601860 and is all-in
Player7_AwPh200: folds
Player1_AwPh200: folds
Player2_AwPh200: folds
Player3_AwPh200: folds
Uncalled bet (16101860) returned to Player6_AwPh200
Player6_AwPh200 collected 4950000 from pot
Player6_AwPh200: doesn't show hand
*** SUMMARY ***
Total pot 4950000 | Rake 0
Seat 1: Player1_AwPh200 (button) folded before Flop (didn't bet)
Seat 2: Player2_AwPh200 (small blind) folded before Flop
Seat 3: Player3_AwPh200 (big blind) folded before Flop
Seat 5: Player5_AwPh200 folded before Flop (didn't bet)
Seat 6: Player6_AwPh200 collected (4950000)
Seat 7: Player7_AwPh200 folded before Flop (didn't bet)


PokerStars Hand #1591211916: Tournament #1089228582, $100+$10 USD Hold'em No Limit - Level XXXVI (750000/1500000) - 2023/02/15 17:27:51 ET
Table '1089228582 9' 8-max Seat #3 is the button
Seat 1: Player1_AwPh200 (4135227.04 in chips)
Seat 2: Player2_AwPh200 (37359471 in chips)
Seat 3: Player3_AwPh200 (6221340.04 in chips)
Seat 5: Player5_AwPh200 (28170296 in chips)
Seat 6: Player6_AwPh200 (20851860 in chips)
Seat 7: Player7_AwPh200 (35399606 in chips)
Seat 8: Player8_AwPh200 (19611068 in chips)
Player1_AwPh200: posts the ante 200000
Player2_AwPh200: posts the ante 200000
Player3_AwPh200: posts the ante 200000
Player5_AwPh200: posts the ante 200000
Player6_AwPh200: posts the ante 200000
Player7_AwPh200: posts the ante 200000
Player8_AwPh200: posts the ante 200000
Player5_AwPh200: posts small blind 750000
Player6_AwPh200: posts big blind 1500000
*** HOLE CARDS ***
Player7_AwPh200: folds
Player8_AwPh200: folds
Player1_AwPh200: raises 1500000 to 3000000
Player2_AwPh200: folds
Player3_AwPh200: folds
Player5_AwPh200: folds
Player6_AwPh200: folds
Uncalled bet (1500000) returned to Player1_AwPh200
Player1_AwPh200 collected 5150000 from pot
Player1_AwPh200: doesn't show hand
*** SUMMARY ***
Total pot 5150000 | Rake 0
Seat 1: Player1_AwPh200 collected (5150000)
Seat 2: Player2_AwPh200 folded before Flop (didn't bet)
Seat 3: Player3_AwPh200 (button) folded before Flop (didn't bet)
Seat 5: Player5_AwPh200 (small blind) folded before Flop
Seat 6: Player6_AwPh200 (big blind) folded before Flop
Seat 7: Player7_AwPh200 folded before Flop (didn't bet)
Seat 8: Player8_AwPh200 folded before Flop (didn't bet)


PokerStars Hand #1591212902: Tournament #1089228582, $100+$10 USD Hold'em No Limit - Level XXXVI (750000/1500000) - 2023/02/15 17:29:25 ET
Table '1089228582 9' 8-max Seat #7 is the button
Seat 1: Player1_AwPh200 (5685227.04 in chips)
Seat 2: Player2_AwPh200 (36759471 in chips)
Seat 3: Player3_AwPh200 (5621340.04 in chips)
Seat 4: Player4_AwPh200 (31529382 in chips)
Seat 5: Player5_AwPh200 (14740919.04 in chips)
Seat 6: Player6_AwPh200 (18001860 in chips)
Seat 7: Player7_AwPh200 (37899606 in chips)
Seat 8: Player8_AwPh200 (17511068 in chips)
Player1_AwPh200: posts the ante 200000
Player2_AwPh200: posts the ante 200000
Player3_AwPh200: posts the ante 200000
Player4_AwPh200: posts the ante 200000
Player5_AwPh200: posts the ante 200000
Player6_AwPh200: posts the ante 200000
Player7_AwPh200: posts the ante 200000
Player8_AwPh200: posts the ante 200000
Player8_AwPh200: posts small blind 750000
Player1_AwPh200: posts big blind 1500000
*** HOLE CARDS ***
Player2_AwPh200: folds
Player3_AwPh200: folds
Player4_AwPh200: folds
Player5_AwPh200: folds
Player6_AwPh200: folds
Player7_AwPh200: folds
Player8_AwPh200: folds
Uncalled bet (750000) returned to Player1_AwPh200
Player1_AwPh200 collected 3100000 from pot
Player1_AwPh200: shows [Qs Ad]
*** SUMMARY ***
Total pot 3100000 | Rake 0
Seat 1: Player1_AwPh200 (big blind) showed [Qs Ad] and won (3100000)
Seat 2: Player2_AwPh200 folded before Flop (didn't bet)
Seat 3: Player3_AwPh200 folded before Flop (didn't bet)
Seat 4: Player4_AwPh200 folded before Flop (didn't bet)
Seat 5: Player5_AwPh200 folded before Flop (didn't bet)
Seat 6: Player6_AwPh200 folded before Flop (didn't bet)
Seat 7: Player7_AwPh200 (button) folded before Flop (didn't bet)
Seat 8: Player8_AwPh200 (small blind) folded before Flop


PokerStars Hand #1591213186: Tournament #1089228582, $100+$10 USD Hold'em No Limit - Level XXXVI (750000/1500000) - 2023/02/15 17:29:51 ET
Table '1089228582 9' 8-max Seat #8 is the button
Seat 1: Player1_AwPh200 (7835227.04 in chips)
Seat 2: Player2_AwPh200 (36559471 in chips)
Seat 3: Player3_AwPh200 (5421340.04 in chips)
Seat 4: Player4_AwPh200 (31329382 in chips)
Seat 5: Player5_AwPh200 (14540919.04 in chips)
Seat 6: Player6_AwPh200 (17801860 in chips)
Seat 7: Player7_AwPh200 (37699606 in chips)
Seat 8: Player8_AwPh200 (16561068 in chips)
Player1_AwPh200: posts the ante 200000
Player2_AwPh200: posts the ante 200000
Player3_AwPh200: posts the ante 200000
Player4_AwPh200: posts the ante 200000
Player5_AwPh200: posts the ante 200000
Player6_AwPh200: posts the ante 200000
Player7_AwPh200: posts the ante 200000
Player8_AwPh200: posts the ante 200000
Player1_AwPh200: posts small blind 750000
Player2_AwPh200: posts big blind 1500000
*** HOLE CARDS ***
Player3_AwPh200: folds
Player4_AwPh200: folds
Player5_AwPh200: folds
Player6_AwPh200: raises 16101860 to 17601860 and is all-in
Player7_AwPh200: folds
Player8_AwPh200: folds
Player1_AwPh200: folds
Player2_AwPh200: folds
Uncalled bet (16101860) returned to Player6_AwPh200
Player6_AwPh200 collected 5350000 from pot
Player6_AwPh200: doesn't show hand
*** SUMMARY ***
Total pot 5350000 | Rake 0
Seat 1: Player1_AwPh200 (small blind) folded before Flop
Seat 2: Player2_AwPh200 (big blind) folded before Flop
Seat 3: Player3_AwPh200 folded before Flop (didn't bet)
Seat 4: Player4_AwPh200 folded before Flop (didn't bet)
Seat 5: Player5_AwPh200 folded before Flop (didn't bet)
Seat 6: Player6_AwPh200 collected (5350000)
Seat 7: Player7_AwPh200 folded before Flop (didn't bet)
Seat 8: Player8_AwPh200 (button) folded before Flop (didn't bet)


PokerStars Hand #1591213406: Tournament #1089228582, $100+$10 USD Hold'em No Limit - Level XXXVI (750000/1500000) - 2023/02/15 17:30:13 ET
Table '1089228582 9' 8-max Seat #1 is the button
Seat 1: Player1_AwPh200 (6885227.04 in chips)
Seat 2: Player2_AwPh200 (34859471 in chips)
Seat 3: Player3_AwPh200 (5221340.04 in chips)
Seat 4: Player4_AwPh200 (31129382 in chips)
Seat 5: Player5_AwPh200 (14340919.04 in chips)
Seat 6: Player6_AwPh200 (21451860 in chips)
Seat 7: Player7_AwPh200 (37499606 in chips)
Seat 8: Player8_AwPh200 (16361068 in chips)
Player1_AwPh200: posts the ante 200000
Player2_AwPh200: posts the ante 200000
Player3_AwPh200: posts the ante 200000
Player4_AwPh200: posts the ante 200000
Player5_AwPh200: posts the ante 200000
Player6_AwPh200: posts the ante 200000
Player7_AwPh200: posts the ante 200000
Player8_AwPh200: posts the ante 200000
Player2_AwPh200: posts small blind 750000
Player3_AwPh200: posts big blind 1500000
*** HOLE CARDS ***
Player4_AwPh200: folds
Player5_AwPh200: folds
Player6_AwPh200: folds
Player7_AwPh200: folds
Player8_AwPh200: calls 1500000
Player1_AwPh200: folds
Player2_AwPh200: raises 3750000 to 5250000
Player3_AwPh200: folds
Player8_AwPh200: folds
Uncalled bet (3750000) returned to Player2_AwPh200
Player2_AwPh200 collected 6100000 from pot
Player2_AwPh200: doesn't show hand
*** SUMMARY ***
Total pot 6100000 | Rake 0
Seat 1: Player1_AwPh200 (button) folded before Flop (didn't bet)
Seat 2: Player2_AwPh200 (small blind) collected (6100000)
Seat 3: Player3_AwPh200 (big blind) folded before Flop
Seat 4: Player4_AwPh200 folded before Flop (didn't bet)
Seat 5: Player5_AwPh200 folded before Flop (didn't bet)
Seat 6: Player6_AwPh200 folded before Flop (didn't bet)
Seat 7: Player7_AwPh200 folded before Flop (didn't bet)
Seat 8: Player8_AwPh200 folded before Flop


PokerStars Hand #1591213637: Tournament #1089228582, $100+$10 USD Hold'em No Limit - Level XXXVI (750000/1500000) - 2023/02/15 17:30:34 ET
Table '1089228582 9' 8-max Seat #2 is the button
Seat 1: Player1_AwPh200 (6685227.04 in chips)
Seat 2: Player2_AwPh200 (39259471 in chips)
Seat 3: Player3_AwPh200 (3521340.04 in chips)
Seat 4: Player4_AwPh200 (30929382 in chips)
Seat 5: Player5_AwPh200 (14140919.04 in chips)
Seat 6: Player6_AwPh200 (21251860 in chips)
Seat 7: Player7_AwPh200 (37299606 in chips)
Seat 8: Player8_AwPh200 (14661068 in chips)
Player1_AwPh200: posts the ante 200000
Player2_AwPh200: posts the ante 200000
Player3_AwPh200: posts the ante 200000
Player4_AwPh200: posts the ante 200000
Player5_AwPh200: posts the ante 200000
Player6_AwPh200: posts the ante 200000
Player7_AwPh200: posts the ante 200000
Player8_AwPh200: posts the ante 200000
Player3_AwPh200: posts small blind 750000
Player4_AwPh200: posts big blind 1500000
*** HOLE CARDS ***
Player5_AwPh200: folds
Player6_AwPh200: folds
Player7_AwPh200: folds
Player8_AwPh200: folds
Player1_AwPh200: folds
Player2_AwPh200: folds
Player3_AwPh200: folds
Uncalled bet (750000) returned to Player4_AwPh200
Player4_AwPh200 collected 3100000 from pot
Player4_AwPh200: doesn't show hand
*** SUMMARY ***
Total pot 3100000 | Rake 0
Seat 1: Player1_AwPh200 folded before Flop (didn't bet)
Seat 2: Player2_AwPh200 (button) folded before Flop (didn't bet)
Seat 3: Player3_AwPh200 (small blind) folded before Flop
Seat 4: Player4_AwPh200 (big blind) collected (3100000)
Seat 5: Player5_AwPh200 folded before Flop (didn't bet)
Seat 6: Player6_AwPh200 folded before Flop (didn't bet)
Seat 7: Player7_AwPh200 folded before Flop (didn't bet)
Seat 8: Player8_AwPh200 folded before Flop (didn't bet)


PokerStars Hand #1591213758: Tournament #1089228582, $100+$10 USD Hold'em No Limit - Level XXXVI (750000/1500000) - 2023/02/15 17:30:45 ET
Table '1089228582 9' 8-max Seat #3 is the button
Seat 1: Player1_AwPh200 (6485227.04 in chips)
Seat 2: Player2_AwPh200 (39059471 in chips)
Seat 3: Player3_AwPh200 (2571340.04 in chips)
Seat 4: Player4_AwPh200 (33079382 in chips)
Seat 5: Player5_AwPh200 (13940919.04 in chips)
Seat 6: Player6_AwPh200 (21051860 in chips)
Seat 7: Player7_AwPh200 (37099606 in chips)
Seat 8: Player8_AwPh200 (14461068 in chips)
Player1_AwPh200: posts the ante 200000
Player2_AwPh200: posts the ante 200000
Player3_AwPh200: posts the ante 200000
Player4_AwPh200: posts the ante 200000
Player5_AwPh200: posts the ante 200000
Player6_AwPh200: posts the ante 200000
Player7_AwPh200: posts the ante 200000
Player8_AwPh200: posts the ante 200000
Player4_AwPh200: posts small blind 750000
Player5_AwPh200: posts big blind 1500000
*** HOLE CARDS ***
Player6_AwPh200: folds
Player7_AwPh200: raises 1650000 to 3150000
Player8_AwPh200: calls 3150000
Player1_AwPh200: folds
Player2_AwPh200: folds
Player3_AwPh200: folds
Player4_AwPh200: folds
Player5_AwPh200: folds
*** FLOP *** [Jh Ad 6c]
Player7_AwPh200: checks
Player8_AwPh200: bets 3000000
Player7_AwPh200: calls 3000000
*** TURN *** [Jh Ad 6c] [Kd]
Player7_AwPh200: checks
Player8_AwPh200: bets 4500000
Player7_AwPh200: folds
Uncalled bet (4500000) returned to Player8_AwPh200
Player8_AwPh200 collected 16150000 from pot
Player8_AwPh200: doesn't show hand
*** SUMMARY ***
Total pot 16150000 | Rake 0
Board [Jh Ad 6c Kd]
Seat 1: Player1_AwPh200 folded before Flop (didn't bet)
Seat 2: Player2_AwPh200 folded before Flop (didn't bet)
Seat 3: Player3_AwPh200 (button) folded before Flop (didn't bet)
Seat 4: Player4_AwPh200 (small blind) folded before Flop
Seat 5: Player5_AwPh200 (big blind) folded before Flop
Seat 6: Player6_AwPh200 folded before Flop (didn't bet)
Seat 7: Player7_AwPh200 folded on the Turn
Seat 8: Player8_AwPh200 collected (16150000)


PokerStars Hand #1591214159: Tournament #1089228582, $100+$10 USD Hold'em No Limit - Level XXXVI (750000/1500000) - 2023/02/15 17:31:24 ET
Table '1089228582 9' 8-max Seat #4 is the button
Seat 1: Player1_AwPh200 (6285227.04 in chips)
Seat 2: Player2_AwPh200 (38859471 in chips)
Seat 3: Player3_AwPh200 (2371340.04 in chips)
Seat 4: Player4_AwPh200 (32129382 in chips)
Seat 5: Player5_AwPh200 (12240919.04 in chips)
Seat 6: Player6_AwPh200 (20851860 in chips)
Seat 7: Player7_AwPh200 (30749606 in chips)
Seat 8: Player8_AwPh200 (24261068 in chips)
Player1_AwPh200: posts the ante 200000
Player2_AwPh200: posts the ante 200000
Player3_AwPh200: posts the ante 200000
Player4_AwPh200: posts the ante 200000
Player5_AwPh200: posts the ante 200000
Player6_AwPh200: posts the ante 200000
Player7_AwPh200: posts the ante 200000
Player8_AwPh200: posts the ante 200000
Player5_AwPh200: posts small blind 750000
Player6_AwPh200: posts big blind 1500000
*** HOLE CARDS ***
Player7_AwPh200: folds
Player8_AwPh200: calls 1500000
Player1_AwPh200: folds
Player2_AwPh200: calls 1500000
Player3_AwPh200: folds
Player4_AwPh200: raises 3887500 to 5387500
Player5_AwPh200: folds
Player6_AwPh200: folds
Player8_AwPh200: folds
Player2_AwPh200: folds
Uncalled bet (3887500) returned to Player4_AwPh200
Player4_AwPh200 collected 8350000 from pot
Player4_AwPh200: doesn't show hand
*** SUMMARY ***
Total pot 8350000 | Rake 0
Seat 1: Player1_AwPh200 folded before Flop (didn't bet)
Seat 2: Player2_AwPh200 folded before Flop
Seat 3: Player3_AwPh200 folded before Flop (didn't bet)
Seat 4: Player4_AwPh200 (button) collected (8350000)
Seat 5: Player5_AwPh200 (small blind) folded before Flop
Seat 6: Player6_AwPh200 (big blind) folded before Flop
Seat 7: Player7_AwPh200 folded before Flop (didn't bet)
Seat 8: Player8_AwPh200 folded before Flop


PokerStars Hand #1591214843: Tournament #1089228582, $100+$10 USD Hold'em No Limit - Level XXXVII (1000000/2000000) - 2023/02/15 17:32:31 ET
Table '1089228582 9' 8-max Seat #6 is the button
Seat 1: Player1_AwPh200 (5835227.04 in chips)
Seat 2: Player2_AwPh200 (30909471 in chips)
Seat 3: Player3_AwPh200 (1921340.04 in chips)
Seat 4: Player4_AwPh200 (38529382 in chips)
Seat 5: Player5_AwPh200 (11040919.04 in chips)
Seat 6: Player6_AwPh200 (17901860 in chips)
Seat 7: Player7_AwPh200 (39299606 in chips)
Seat 8: Player8_AwPh200 (22311068 in chips)
Player1_AwPh200: posts the ante 250000
Player2_AwPh200: posts the ante 250000
Player3_AwPh200: posts the ante 250000
Player4_AwPh200: posts the ante 250000
Player5_AwPh200: posts the ante 250000
Player6_AwPh200: posts the ante 250000
Player7_AwPh200: posts the ante 250000
Player8_AwPh200: posts the ante 250000
Player7_AwPh200: posts small blind 1000000
Player8_AwPh200: posts big blind 2000000
*** HOLE CARDS ***
Player1_AwPh200: folds
Player2_AwPh200: folds
Player3_AwPh200: folds
Player4_AwPh200: raises 2000000 to 4000000
Player5_AwPh200: folds
Player6_AwPh200: raises 13651860 to 17651860 and is all-in
Player7_AwPh200: folds
Player8_AwPh200: folds
Player4_AwPh200: calls 13651860
*** FLOP *** [2d 4s Tc]
*** TURN *** [2d 4s Tc] [2s]
*** RIVER *** [2d 4s Tc 2s] [Ts]
*** SHOW DOWN ***
Player4_AwPh200: shows [Qc Jc]
Player6_AwPh200: shows [Ks As]
Player6_AwPh200 collected 40303720 from pot
*** SUMMARY ***
Total pot 40303720 | Rake 0
Board [2d 4s Tc 2s Ts]
Seat 1: Player1_AwPh200 folded before Flop (didn't bet)
Seat 2: Player2_AwPh200 folded before Flop (didn't bet)
Seat 3: Player3_AwPh200 folded before Flop (didn't bet)
Seat 4: Player4_AwPh200 showed [Qc Jc] and lost
Seat 5: Player5_AwPh200 folded before Flop (didn't bet)
Seat 6: Player6_AwPh200 (button) showed [Ks As] and won (40303720)
Seat 7: Player7_AwPh200 (small blind) folded before Flop
Seat 8: Player8_AwPh200 (big blind) folded before Flop


PokerStars Hand #1591215103: Tournament #1089228582, $100+$10 USD Hold'em No Limit - Level XXXVII (1000000/2000000) - 2023/02/15 17:32:56 ET
Table '1089228582 9' 8-max Seat #7 is the button
Seat 1: Player1_AwPh200 (5585227.04 in chips)
Seat 2: Player2_AwPh200 (30659471 in chips)
Seat 3: Player3_AwPh200 (1671340.04 in chips)
Seat 4: Player4_AwPh200 (20627522 in chips)
Seat 5: Player5_AwPh200 (10790919.04 in chips)
Seat 6: Player6_AwPh200 (40303720 in chips)
Seat 7: Player7_AwPh200 (38049606 in chips)
Seat 8: Player8_AwPh200 (20061068 in chips)
Player1_AwPh200: posts the ante 250000
Player2_AwPh200: posts the ante 250000
Player3_AwPh200: posts the ante 250000
Player4_AwPh200: posts the ante 250000
Player5_AwPh200: posts the ante 250000
Player6_AwPh200: posts the ante 250000
Player7_AwPh200: posts the ante 250000
Player8_AwPh200: posts the ante 250000
Player8_AwPh200: posts small blind 1000000
Player1_AwPh200: posts big blind 2000000
*** HOLE CARDS ***
Player2_AwPh200: folds
Player3_AwPh200: folds
Player4_AwPh200: folds
Player5_AwPh200: folds
Player6_AwPh200: folds
Player7_AwPh200: folds
Player8_AwPh200: folds
Uncalled bet (1000000) returned to Player1_AwPh200
Player1_AwPh200 collected 4000000 from pot
Player1_AwPh200: doesn't show hand
*** SUMMARY ***
Total pot 4000000 | Rake 0
Seat 1: Player1_AwPh200 (big blind) collected (4000000)
Seat 2: Player2_AwPh200 folded before Flop (didn't bet)
Seat 3: Player3_AwPh200 folded before Flop (didn't bet)
Seat 4: Player4_AwPh200 folded before Flop (didn't bet)
Seat 5: Player5_AwPh200 folded before Flop (didn't bet)
Seat 6: Player6_AwPh200 folded before Flop (didn't bet)
Seat 7: Player7_AwPh200 (button) folded before Flop (didn't bet)
Seat 8: Player8_AwPh200 (small blind) folded before Flop


PokerStars Hand #1591215316: Tournament #1089228582, $100+$10 USD Hold'em No Limit - Level XXXVII (1000000/2000000) - 2023/02/15 17:33:18 ET
Table '1089228582 9' 8-max Seat #8 is the button
Seat 1: Player1_AwPh200 (8335227.04 in chips)
Seat 2: Player2_AwPh200 (30409471 in chips)
Seat 3: Player3_AwPh200 (1421340.04 in chips)
Seat 4: Player4_AwPh200 (20377522 in chips)
Seat 5: Player5_AwPh200 (10540919.04 in chips)
Seat 6: Player6_AwPh200 (40053720 in chips)
Seat 7: Player7_AwPh200 (37799606 in chips)
Seat 8: Player8_AwPh200 (18811068 in chips)
Player1_AwPh200: posts the ante 250000
Player2_AwPh200: posts the ante 250000
Player3_AwPh200: posts the ante 250000
Player4_AwPh200: posts the ante 250000
Player5_AwPh200: posts the ante 250000
Player6_AwPh200: posts the ante 250000
Player7_AwPh200: posts the ante 250000
Player8_AwPh200: posts the ante 250000
Player1_AwPh200: posts small blind 1000000
Player2_AwPh200: posts big blind 2000000
*** HOLE CARDS ***
Player3_AwPh200: folds
Player4_AwPh200: raises 18127522 to 20127522 and is all-in
Player5_AwPh200: folds
Player6_AwPh200: folds
Player7_AwPh200: folds
Player8_AwPh200: folds
Player1_AwPh200: folds
Player2_AwPh200: folds
Uncalled bet (18127522) returned to Player4_AwPh200
Player4_AwPh200 collected 7000000 from pot
Player4_AwPh200: doesn't show hand
*** SUMMARY ***
Total pot 7000000 | Rake 0
Seat 1: Player1_AwPh200 (small blind) folded before Flop
Seat 2: Player2_AwPh200 (big blind) folded before Flop
Seat 3: Player3_AwPh200 folded before Flop (didn't bet)
Seat 4: Player4_AwPh200 collected (7000000)
Seat 5: Player5_AwPh200 folded before Flop (didn't bet)
Seat 6: Player6_AwPh200 folded before Flop (didn't bet)
Seat 7: Player7_AwPh200 folded before Flop (didn't bet)
Seat 8: Player8_AwPh200 (button) folded before Flop (didn't bet)


PokerStars Hand #1591215898: Tournament #1089228582, $100+$10 USD Hold'em No Limit - Level XXXVII (1000000/2000000) - 2023/02/15 17:34:14 ET
Table '1089228582 9' 8-max Seat #2 is the button
Seat 1: Player1_AwPh200 (21875429 in chips)
Seat 2: Player2_AwPh200 (16869269.04 in chips)
Seat 3: Player3_AwPh200 (41871013 in chips)
Seat 4: Player4_AwPh200 (24877522 in chips)
Seat 5: Player5_AwPh200 (10040919.04 in chips)
Seat 6: Player6_AwPh200 (39553720 in chips)
Seat 7: Player7_AwPh200 (37299606 in chips)
Seat 8: Player8_AwPh200 (18311068 in chips)
Player1_AwPh200: posts the ante 250000
Player2_AwPh200: posts the ante 250000
Player3_AwPh200: posts the ante 250000
Player4_AwPh200: posts the ante 250000
Player5_AwPh200: posts the ante 250000
Player6_AwPh200: posts the ante 250000
Player7_AwPh200: posts the ante 250000
Player8_AwPh200: posts the ante 250000
Player3_AwPh200: posts small blind 1000000
Player4_AwPh200: posts big blind 2000000
*** HOLE CARDS ***
Player5_AwPh200: folds
Player6_AwPh200: folds
Player7_AwPh200: folds
Player8_AwPh200: calls 2000000
Player1_AwPh200: folds
Player2_AwPh200: calls 2000000
Player3_AwPh200: calls 1000000
Player4_AwPh200: checks
*** FLOP *** [Jc 3s Qc]
Player3_AwPh200: checks
Player4_AwPh200: bets 2000000
Player8_AwPh200: folds
Player2_AwPh200: folds
Player3_AwPh200: calls 2000000
*** TURN *** [Jc 3s Qc] [8c]
Player3_AwPh200: checks
Player4_AwPh200: bets 7000000
Player3_AwPh200: calls 7000000
*** RIVER *** [Jc 3s Qc 8c] [6s]
Player3_AwPh200: checks
Player4_AwPh200: checks
*** SHOW DOWN ***
Player4_AwPh200: shows [2s Jh]
Player3_AwPh200: mucks hand
Player4_AwPh200 collected 28000000 from pot
*** SUMMARY ***
Total pot 28000000 | Rake 0
Board [Jc 3s Qc 8c 6s]
Seat 1: Player1_AwPh200 folded before Flop (didn't bet)
Seat 2: Player2_AwPh200 (button) folded on the Flop
Seat 3: Player3_AwPh200 (small blind) mucked
Seat 4: Player4_AwPh200 (big blind) showed [2s Jh] and won (28000000)
Seat 5: Player5_AwPh200 folded before Flop (didn't bet)
Seat 6: Player6_AwPh200 folded before Flop (didn't bet)
Seat 7: Player7_AwPh200 folded before Flop (didn't bet)
Seat 8: Player8_AwPh200 folded on the Flop


PokerStars Hand #1591216571: Tournament #1089228582, $100+$10 USD Hold'em No Limit - Level XXXVII (1000000/2000000) - 2023/02/15 17:35:23 ET
Table '1089228582 9' 8-max Seat #4 is the button
Seat 1: Player1_AwPh200 (21375429 in chips)
Seat 2: Player2_AwPh200 (14369269.04 in chips)
Seat 3: Player3_AwPh200 (30371013 in chips)
Seat 4: Player4_AwPh200 (40377522 in chips)
Seat 5: Player5_AwPh200 (7540919.04 in chips)
Seat 6: Player6_AwPh200 (39053720 in chips)
Seat 7: Player7_AwPh200 (41799606 in chips)
Seat 8: Player8_AwPh200 (15811068 in chips)
Player1_AwPh200: posts the ante 250000
Player2_AwPh200: posts the ante 250000
Player3_AwPh200: posts the ante 250000
Player4_AwPh200: posts the ante 250000
Player5_AwPh200: posts the ante 250000
Player6_AwPh200: posts the ante 250000
Player7_AwPh200: posts the ante 250000
Player8_AwPh200: posts the ante 250000
Player5_AwPh200: posts small blind 1000000
Player6_AwPh200: posts big blind 2000000
*** HOLE CARDS ***
Player7_AwPh200: folds
Player8_AwPh200: folds
Player1_AwPh200: raises 3000000 to 5000000
Player2_AwPh200: folds
Player3_AwPh200: folds
Player4_AwPh200: folds
Player5_AwPh200: folds
Player6_AwPh200: folds
Uncalled bet (3000000) returned to Player1_AwPh200
Player1_AwPh200 collected 7000000 from pot
Player1_AwPh200: doesn't show hand
*** SUMMARY ***
Total pot 7000000 | Rake 0
Seat 1: Player1_AwPh200 collected (7000000)
Seat 2: Player2_AwPh200 folded before Flop (didn't bet)
Seat 3: Player3_AwPh200 folded before Flop (didn't bet)
Seat 4: Player4_AwPh200 (button) folded before Flop (didn't bet)
Seat 5: Player5_AwPh200 (small blind) folded before Flop
Seat 6: Player6_AwPh200 (big blind) folded before Flop
Seat 7: Player7_AwPh200 folded before Flop (didn't bet)
Seat 8: Player8_AwPh200 folded before Flop (didn't bet)


PokerStars Hand #1591218093: Tournament #1089228582, $100+$10 USD Hold'em No Limit - Level XXXVII (1000000/2000000) - 2023/02/15 17:37:52 ET
Table '1089228582 9' 8-max Seat #1 is the button
Seat 1: Player1_AwPh200 (26625429 in chips)
Seat 2: Player2_AwPh200 (11119269.04 in chips)
Seat 3: Player3_AwPh200 (29121013 in chips)
Seat 5: Player5_AwPh200 (5290919.04 in chips)
Seat 6: Player6_AwPh200 (34803720 in chips)
Seat 7: Player7_AwPh200 (17838850.08 in chips)
Player1_AwPh200: posts the ante 250000
Player2_AwPh200: posts the ante 250000
Player3_AwPh200: posts the ante 250000
Player5_AwPh200: posts the ante 250000
Player6_AwPh200: posts the ante 250000
Player7_AwPh200: posts the ante 250000
Player2_AwPh200: posts small blind 1000000
Player3_AwPh200: posts big blind 2000000
*** HOLE CARDS ***
Player5_AwPh200: folds
Player6_AwPh200: folds
Player7_AwPh200: folds
Player1_AwPh200: folds
Player2_AwPh200: folds
Uncalled bet (1000000) returned to Player3_AwPh200
Player3_AwPh200 collected 3500000 from pot
Player3_AwPh200: doesn't show hand
*** SUMMARY ***
Total pot 3500000 | Rake 0
Seat 1: Player1_AwPh200 (button) folded before Flop (didn't bet)
Seat 2: Player2_AwPh200 (small blind) folded before Flop
Seat 3: Player3_AwPh200 (big blind) collected (3500000)
Seat 5: Player5_AwPh200 folded before Flop (didn't bet)
Seat 6: Player6_AwPh200 folded before Flop (didn't bet)
Seat 7: Player7_AwPh200 folded before Flop (didn't bet)


PokerStars Hand #1591218224: Tournament #1089228582, $100+$10 USD Hold'em No Limit - Level XXXVII (1000000/2000000) - 2023/02/15 17:38:03 ET
Table '1089228582 9' 8-max Seat #2 is the button
Seat 1: Player1_AwPh200 (26375429 in chips)
Seat 2: Player2_AwPh200 (9869269.04 in chips)
Seat 3: Player3_AwPh200 (31371013 in chips)
Seat 5: Player5_AwPh200 (5040919.04 in chips)
Seat 6: Player6_AwPh200 (34553720 in chips)
Seat 7: Player7_AwPh200 (17588850.08 in chips)
Player1_AwPh200: posts the ante 250000
Player2_AwPh200: posts the ante 250000
Player3_AwPh200: posts the ante 250000
Player5_AwPh200: posts the ante 250000
Player6_AwPh200: posts the ante 250000
Player7_AwPh200: posts the ante 250000
Player3_AwPh200: posts small blind 1000000
Player5_AwPh200: posts big blind 2000000
*** HOLE CARDS ***
Player6_AwPh200: raises 2000000 to 4000000
Player7_AwPh200: folds
Player1_AwPh200: folds
Player2_AwPh200: folds
Player3_AwPh200: folds
Player5_AwPh200: calls 2000000
*** FLOP *** [7s 9c 5h]
Player5_AwPh200: checks
Player6_AwPh200: bets 3000000
Player5_AwPh200: folds
Uncalled bet (3000000) returned to Player6_AwPh200
Player6_AwPh200 collected 10500000 from pot
Player6_AwPh200: doesn't show hand
*** SUMMARY ***
Total pot 10500000 | Rake 0
Board [7s 9c 5h]
Seat 1: Player1_AwPh200 folded before Flop (didn't bet)
Seat 2: Player2_AwPh200 (button) folded before Flop (didn't bet)
Seat 3: Player3_AwPh200 (small blind) folded before Flop
Seat 5: Player5_AwPh200 (big blind) folded on the Flop
Seat 6: Player6_AwPh200 collected (10500000)
Seat 7: Player7_AwPh200 folded before Flop (didn't bet)


PokerStars Hand #1591218721: Tournament #1089228582, $100+$10 USD Hold'em No Limit - Level XXXVII (1000000/2000000) - 2023/02/15 17:38:55 ET
Table '1089228582 9' 8-max Seat #5 is the button
Seat 1: Player1_AwPh200 (25875429 in chips)
Seat 2: Player2_AwPh200 (9369269.04 in chips)
Seat 3: Player3_AwPh200 (29871013 in chips)
Seat 5: Player5_AwPh200 (42490592 in chips)
Seat 6: Player6_AwPh200 (36553720 in chips)
Seat 7: Player7_AwPh200 (23588850.08 in chips)
Player1_AwPh200: posts the ante 250000
Player2_AwPh200: posts the ante 250000
Player3_AwPh200: posts the ante 250000
Player5_AwPh200: posts the ante 250000
Player6_AwPh200: posts the ante 250000
Player7_AwPh200: posts the ante 250000
Player6_AwPh200: posts small blind 1000000
Player7_AwPh200: posts big blind 2000000
*** HOLE CARDS ***
Player1_AwPh200: raises 3000000 to 5000000
Player2_AwPh200: folds
Player3_AwPh200: folds
Player5_AwPh200: folds
Player6_AwPh200: folds
Player7_AwPh200: calls 3000000
*** FLOP *** [6d 4h 2c]
Player7_AwPh200: checks
Player1_AwPh200: bets 4000000
Player7_AwPh200: calls 4000000
*** TURN *** [6d 4h 2c] [6h]
Player7_AwPh200: checks
Player1_AwPh200: checks
*** RIVER *** [6d 4h 2c 6h] [5d]
Player7_AwPh200: bets 6765000
Player1_AwPh200: folds
Uncalled bet (6765000) returned to Player7_AwPh200
Player7_AwPh200 collected 20500000 from pot
Player7_AwPh200: doesn't show hand
*** SUMMARY ***
Total pot 20500000 | Rake 0
Board [6d 4h 2c 6h 5d]
Seat 1: Player1_AwPh200 folded on the River
Seat 2: Player2_AwPh200 folded before Flop (didn't bet)
Seat 3: Player3_AwPh200 folded before Flop (didn't bet)
Seat 5: Player5_AwPh200 (button) folded before Flop (didn't bet)
Seat 6: Player6_AwPh200 (small blind) folded before Flop
Seat 7: Player7_AwPh200 (big blind) collected (20500000)


PokerStars Hand #1591219202: Tournament #1089228582, $100+$10 USD Hold'em No Limit - Level XXXVII (1000000/2000000) - 2023/02/15 17:39:42 ET
Table '1089228582 9' 8-max Seat #6 is the button
Seat 1: Player1_AwPh200 (16625429 in chips)
Seat 2: Player2_AwPh200 (9119269.04 in chips)
Seat 3: Player3_AwPh200 (29621013 in chips)
Seat 5: Player5_AwPh200 (42240592 in chips)
Seat 6: Player6_AwPh200 (35303720 in chips)
Seat 7: Player7_AwPh200 (34838850.08 in chips)
Player1_AwPh200: posts the ante 250000
Player2_AwPh200: posts the ante 250000
Player3_AwPh200: posts the ante 250000
Player5_AwPh200: posts the ante 250000
Player6_AwPh200: posts the ante 250000
Player7_AwPh200: posts the ante 250000
Player7_AwPh200: posts small blind 1000000
Player1_AwPh200: posts big blind 2000000
*** HOLE CARDS ***
Player2_AwPh200: folds
Player3_AwPh200: folds
Player5_AwPh200: folds
Player6_AwPh200: raises 2000000 to 4000000
Player7_AwPh200: folds
Player1_AwPh200: folds
Uncalled bet (2000000) returned to Player6_AwPh200
Player6_AwPh200 collected 6500000 from pot
Player6_AwPh200: doesn't show hand
*** SUMMARY ***
Total pot 6500000 | Rake 0
Seat 1: Player1_AwPh200 (big blind) folded before Flop
Seat 2: Player2_AwPh200 folded before Flop (didn't bet)
Seat 3: Player3_AwPh200 folded before Flop (didn't bet)
Seat 5: Player5_AwPh200 folded before Flop (didn't bet)
Seat 6: Player6_AwPh200 (button) collected (6500000)
Seat 7: Player7_AwPh200 (small blind) folded before Flop


PokerStars Hand #1591219417: Tournament #1089228582, $100+$10 USD Hold'em No Limit - Level XXXVII (1000000/2000000) - 2023/02/15 17:40:04 ET
Table '1089228582 9' 8-max Seat #7 is the button
Seat 1: Player1_AwPh200 (14375429 in chips)
Seat 2: Player2_AwPh200 (8869269.04 in chips)
Seat 3: Player3_AwPh200 (29371013 in chips)
Seat 5: Player5_AwPh200 (41990592 in chips)
Seat 6: Player6_AwPh200 (39553720 in chips)
Seat 7: Player7_AwPh200 (33588850.08 in chips)
Player1_AwPh200: posts the ante 250000
Player2_AwPh200: posts the ante 250000
Player3_AwPh200: posts the ante 250000
Player5_AwPh200: posts the ante 250000
Player6_AwPh200: posts the ante 250000
Player7_AwPh200: posts the ante 250000
Player1_AwPh200: posts small blind 1000000
Player2_AwPh200: posts big blind 2000000
*** HOLE CARDS ***
Player3_AwPh200: folds
Player5_AwPh200: raises 4000000 to 6000000
Player6_AwPh200: folds
Player7_AwPh200: folds
Player1_AwPh200: folds
Player2_AwPh200: folds
Uncalled bet (4000000) returned to Player5_AwPh200
Player5_AwPh200 collected 6500000 from pot
Player5_AwPh200: doesn't show hand
*** SUMMARY ***
Total pot 6500000 | Rake 0
Seat 1: Player1_AwPh200 (small blind) folded before Flop
Seat 2: Player2_AwPh200 (big blind) folded before Flop
Seat 3: Player3_AwPh200 folded before Flop (didn't bet)
Seat 5: Player5_AwPh200 collected (6500000)
Seat 6: Player6_AwPh200 folded before Flop (didn't bet)
Seat 7: Player7_AwPh200 (button) folded before Flop (didn't bet)


PokerStars Hand #1591219619: Tournament #1089228582, $100+$10 USD Hold'em No Limit - Level XXXVII (1000000/2000000) - 2023/02/15 17:40:22 ET
Table '1089228582 9' 8-max Seat #1 is the button
Seat 1: Player1_AwPh200 (13125429 in chips)
Seat 2: Player2_AwPh200 (6619269.04 in chips)
Seat 3: Player3_AwPh200 (29121013 in chips)
Seat 5: Player5_AwPh200 (3290919.04 in chips)
Seat 6: Player6_AwPh200 (39303720 in chips)
Seat 7: Player7_AwPh200 (33338850.08 in chips)
Player1_AwPh200: posts the ante 250000
Player2_AwPh200: posts the ante 250000
Player3_AwPh200: posts the ante 250000
Player5_AwPh200: posts the ante 250000
Player6_AwPh200: posts the ante 250000
Player7_AwPh200: posts the ante 250000
Player2_AwPh200: posts small blind 1000000
Player3_AwPh200: posts big blind 2000000
*** HOLE CARDS ***
Player5_AwPh200: folds
Player6_AwPh200: folds
Player7_AwPh200: folds
Player1_AwPh200: raises 10875429 to 12875429 and is all-in
Player2_AwPh200: folds
Player3_AwPh200: folds
Uncalled bet (10875429) returned to Player1_AwPh200
Player1_AwPh200 collected 6500000 from pot
Player1_AwPh200: doesn't show hand
*** SUMMARY ***
Total pot 6500000 | Rake 0
Seat 1: Player1_AwPh200 (button) collected (6500000)
Seat 2: Player2_AwPh200 (small blind) folded before Flop
Seat 3: Player3_AwPh200 (big blind) folded before Flop
Seat 5: Player5_AwPh200 folded before Flop (didn't bet)
Seat 6: Player6_AwPh200 folded before Flop (didn't bet)
Seat 7: Player7_AwPh200 folded before Flop (didn't bet)


PokerStars Hand #1591220493: Tournament #1089228582, $100+$10 USD Hold'em No Limit - Level XXXVIII (1250000/2500000) - 2023/02/15 17:41:49 ET
Table '1089228582 9' 8-max Seat #5 is the button
Seat 1: Player1_AwPh200 (36250858 in chips)
Seat 2: Player2_AwPh200 (9015222 in chips)
Seat 3: Player3_AwPh200 (25371013 in chips)
Seat 5: Player5_AwPh200 (42490592 in chips)
Seat 6: Player6_AwPh200 (22032338.04 in chips)
Seat 7: Player7_AwPh200 (32588850.08 in chips)
Player1_AwPh200: posts the ante 300000
Player2_AwPh200: posts the ante 300000
Player3_AwPh200: posts the ante 300000
Player5_AwPh200: posts the ante 300000
Player6_AwPh200: posts the ante 300000
Player7_AwPh200: posts the ante 300000
Player6_AwPh200: posts small blind 1250000
Player7_AwPh200: posts big blind 2500000
*** HOLE CARDS ***
Player1_AwPh200: calls 2500000
Player2_AwPh200: folds
Player3_AwPh200: folds
Player5_AwPh200: folds
Player6_AwPh200: folds
Player7_AwPh200: checks
*** FLOP *** [3c Jd Qc]
Player7_AwPh200: checks
Player1_AwPh200: bets 3750000
Player7_AwPh200: folds
Uncalled bet (3750000) returned to Player1_AwPh200
Player1_AwPh200 collected 8050000 from pot
Player1_AwPh200: doesn't show hand
*** SUMMARY ***
Total pot 8050000 | Rake 0
Board [3c Jd Qc]
Seat 1: Player1_AwPh200 collected (8050000)
Seat 2: Player2_AwPh200 folded before Flop (didn't bet)
Seat 3: Player3_AwPh200 folded before Flop (didn't bet)
Seat 5: Player5_AwPh200 (button) folded before Flop (didn't bet)
Seat 6: Player6_AwPh200 (small blind) folded before Flop
Seat 7: Player7_AwPh200 (big blind) folded on the Flop


PokerStars Hand #1591220776: Tournament #1089228582, $100+$10 USD Hold'em No Limit - Level XXXVIII (1250000/2500000) - 2023/02/15 17:42:17 ET
Table '1089228582 9' 8-max Seat #6 is the button
Seat 1: Player1_AwPh200 (41500858 in chips)
Seat 2: Player2_AwPh200 (8715222 in chips)
Seat 3: Player3_AwPh200 (25071013 in chips)
Seat 5: Player5_AwPh200 (42190592 in chips)
Seat 6: Player6_AwPh200 (20482338.04 in chips)
Seat 7: Player7_AwPh200 (29788850.08 in chips)
Player1_AwPh200: posts the ante 300000
Player2_AwPh200: posts the ante 300000
Player3_AwPh200: posts the ante 300000
Player5_AwPh200: posts the ante 300000
Player6_AwPh200: posts the ante 300000
Player7_AwPh200: posts the ante 300000
Player7_AwPh200: posts small blind 1250000
Player1_AwPh200: posts big blind 2500000
*** HOLE CARDS ***
Player2_AwPh200: raises 5915222 to 8415222 and is all-in
Player3_AwPh200: folds
Player5_AwPh200: folds
Player6_AwPh200: raises 9665222 to 18080444
Player7_AwPh200: folds
Player1_AwPh200: folds
Uncalled bet (9665222) returned to Player6_AwPh200
*** FLOP *** [5s Ks 2h]
*** TURN *** [5s Ks 2h] [7c]
*** RIVER *** [5s Ks 2h 7c] [5d]
*** SHOW DOWN ***
Player2_AwPh200: shows [Jd Kh]
Player6_AwPh200: shows [Qs Ad]
Player2_AwPh200 collected 22380444 from pot
*** SUMMARY ***
Total pot 22380444 | Rake 0
Board [5s Ks 2h 7c 5d]
Seat 1: Player1_AwPh200 (big blind) folded before Flop
Seat 2: Player2_AwPh200 showed [Jd Kh] and won (22380444)
Seat 3: Player3_AwPh200 folded before Flop (didn't bet)
Seat 5: Player5_AwPh200 folded before Flop (didn't bet)
Seat 6: Player6_AwPh200 (button) showed [Qs Ad] and lost
Seat 7: Player7_AwPh200 (small blind) folded before Flop


PokerStars Hand #1591221086: Tournament #1089228582, $100+$10 USD Hold'em No Limit - Level XXXVIII (1250000/2500000) - 2023/02/15 17:42:51 ET
Table '1089228582 9' 8-max Seat #1 is the button
Seat 1: Player1_AwPh200 (37150858 in chips)
Seat 2: Player2_AwPh200 (19580444 in chips)
Seat 3: Player3_AwPh200 (30021013 in chips)
Seat 5: Player5_AwPh200 (41590592 in chips)
Seat 6: Player6_AwPh200 (11467116.04 in chips)
Seat 7: Player7_AwPh200 (27938850.08 in chips)
Player1_AwPh200: posts the ante 300000
Player2_AwPh200: posts the ante 300000
Player3_AwPh200: posts the ante 300000
Player5_AwPh200: posts the ante 300000
Player6_AwPh200: posts the ante 300000
Player7_AwPh200: posts the ante 300000
Player2_AwPh200: posts small blind 1250000
Player3_AwPh200: posts big blind 2500000
*** HOLE CARDS ***
Player5_AwPh200: folds
Player6_AwPh200: folds
Player7_AwPh200: folds
Player1_AwPh200: folds
Player2_AwPh200: folds
Uncalled bet (1250000) returned to Player3_AwPh200
Player3_AwPh200 collected 4300000 from pot
Player3_AwPh200: doesn't show hand
*** SUMMARY ***
Total pot 4300000 | Rake 0
Seat 1: Player1_AwPh200 (button) folded before Flop (didn't bet)
Seat 2: Player2_AwPh200 (small blind) folded before Flop
Seat 3: Player3_AwPh200 (big blind) collected (4300000)
Seat 5: Player5_AwPh200 folded before Flop (didn't bet)
Seat 6: Player6_AwPh200 folded before Flop (didn't bet)
Seat 7: Player7_AwPh200 folded before Flop (didn't bet)


PokerStars Hand #1591221180: Tournament #1089228582, $100+$10 USD Hold'em No Limit - Level XXXVIII (1250000/2500000) - 2023/02/15 17:43:01 ET
Table '1089228582 9' 8-max Seat #2 is the button
Seat 1: Player1_AwPh200 (36850858 in chips)
Seat 2: Player2_AwPh200 (18030444 in chips)
Seat 3: Player3_AwPh200 (32771013 in chips)
Seat 5: Player5_AwPh200 (41290592 in chips)
Seat 6: Player6_AwPh200 (11167116.04 in chips)
Seat 7: Player7_AwPh200 (27638850.08 in chips)
Player1_AwPh200: posts the ante 300000
Player2_AwPh200: posts the ante 300000
Player3_AwPh200: posts the ante 300000
Player5_AwPh200: posts the ante 300000
Player6_AwPh200: posts the ante 300000
Player7_AwPh200: posts the ante 300000
Player3_AwPh200: posts small blind 1250000
Player5_AwPh200: posts big blind 2500000
*** HOLE CARDS ***
Player6_AwPh200: folds
Player7_AwPh200: folds
Player1_AwPh200: folds
Player2_AwPh200: raises 15230444 to 17730444 and is all-in
Player3_AwPh200: folds
Player5_AwPh200: folds
Uncalled bet (15230444) returned to Player2_AwPh200
Player2_AwPh200 collected 8050000 from pot
Player2_AwPh200: doesn't show hand
*** SUMMARY ***
Total pot 8050000 | Rake 0
Seat 1: Player1_AwPh200 folded before Flop (didn't bet)
Seat 2: Player2_AwPh200 (button) collected (8050000)
Seat 3: Player3_AwPh200 (small blind) folded before Flop
Seat 5: Player5_AwPh200 (big blind) folded before Flop
Seat 6: Player6_AwPh200 folded before Flop (didn't bet)
Seat 7: Player7_AwPh200 folded before Flop (didn't bet)


PokerStars Hand #1591221812: Tournament #1089228582, $100+$10 USD Hold'em No Limit - Level XXXVIII (1250000/2500000) - 2023/02/15 17:44:09 ET
Table '1089228582 9' 8-max Seat #5 is the button
Seat 1: Player1_AwPh200 (36250858 in chips)
Seat 2: Player2_AwPh200 (22980444 in chips)
Seat 3: Player3_AwPh200 (36471013 in chips)
Seat 5: Player5_AwPh200 (36940592 in chips)
Seat 6: Player6_AwPh200 (8067116.04 in chips)
Seat 7: Player7_AwPh200 (27038850.08 in chips)
Player1_AwPh200: posts the ante 300000
Player2_AwPh200: posts the ante 300000
Player3_AwPh200: posts the ante 300000
Player5_AwPh200: posts the ante 300000
Player6_AwPh200: posts the ante 300000
Player7_AwPh200: posts the ante 300000
Player6_AwPh200: posts small blind 1250000
Player7_AwPh200: posts big blind 2500000
*** HOLE CARDS ***
Player1_AwPh200: folds
Player2_AwPh200: folds
Player3_AwPh200: folds
Player5_AwPh200: folds
Player6_AwPh200: folds
Uncalled bet (1250000) returned to Player7_AwPh200
Player7_AwPh200 collected 4300000 from pot
Player7_AwPh200: doesn't show hand
*** SUMMARY ***
Total pot 4300000 | Rake 0
Seat 1: Player1_AwPh200 folded before Flop (didn't bet)
Seat 2: Player2_AwPh200 folded before Flop (didn't bet)
Seat 3: Player3_AwPh200 folded before Flop (didn't bet)
Seat 5: Player5_AwPh200 (button) folded before Flop (didn't bet)
Seat 6: Player6_AwPh200 (small blind) folded before Flop
Seat 7: Player7_AwPh200 (big blind) collected (4300000)


PokerStars Hand #1591224012: Tournament #1089228582, $100+$10 USD Hold'em No Limit - Level XXXVIII (1250000/2500000) - 2023/02/15 17:47:49 ET
Table '1089228582 9' 8-max Seat #3 is the button
Seat 1: Player1_AwPh200 (2181629.04 in chips)
Seat 3: Player3_AwPh200 (36221013 in chips)
Seat 5: Player5_AwPh200 (32940592 in chips)
Seat 6: Player6_AwPh200 (19617116.04 in chips)
Seat 7: Player7_AwPh200 (33838850.08 in chips)
Player1_AwPh200: posts the ante 300000
Player3_AwPh200: posts the ante 300000
Player5_AwPh200: posts the ante 300000
Player6_AwPh200: posts the ante 300000
Player7_AwPh200: posts the ante 300000
Player5_AwPh200: posts small blind 1250000
Player6_AwPh200: posts big blind 2500000
*** HOLE CARDS ***
Player7_AwPh200: folds
Player1_AwPh200: folds
Player3_AwPh200: folds
Player5_AwPh200: folds
Uncalled bet (1250000) returned to Player6_AwPh200
Player6_AwPh200 collected 4000000 from pot
Player6_AwPh200: doesn't show hand
*** SUMMARY ***
Total pot 4000000 | Rake 0
Seat 1: Player1_AwPh200 folded before Flop (didn't bet)
Seat 3: Player3_AwPh200 (button) folded before Flop (didn't bet)
Seat 5: Player5_AwPh200 (small blind) folded before Flop
Seat 6: Player6_AwPh200 (big blind) collected (4000000)
Seat 7: Player7_AwPh200 folded before Flop (didn't bet)


PokerStars Hand #1591224905: Tournament #1089228582, $100+$10 USD Hold'em No Limit - Level XXXVIII (1250000/2500000) - 2023/02/15 17:49:18 ET
Table '1089228582 9' 8-max Seat #1 is the button
Seat 1: Player1_AwPh200 (35931302 in chips)
Seat 3: Player3_AwPh200 (32521013 in chips)
Seat 5: Player5_AwPh200 (21381511.04 in chips)
Seat 6: Player6_AwPh200 (19917116.04 in chips)
Seat 7: Player7_AwPh200 (15048258.08 in chips)
Player1_AwPh200: posts the ante 300000
Player3_AwPh200: posts the ante 300000
Player5_AwPh200: posts the ante 300000
Player6_AwPh200: posts the ante 300000
Player7_AwPh200: posts the ante 300000
Player3_AwPh200: posts small blind 1250000
Player5_AwPh200: posts big blind 2500000
*** HOLE CARDS ***
Player6_AwPh200: raises 2500000 to 5000000
Player7_AwPh200: folds
Player1_AwPh200: folds
Player3_AwPh200: folds
Player5_AwPh200: folds
Uncalled bet (2500000) returned to Player6_AwPh200
Player6_AwPh200 collected 7750000 from pot
Player6_AwPh200: doesn't show hand
*** SUMMARY ***
Total pot 7750000 | Rake 0
Seat 1: Player1_AwPh200 (button) folded before Flop (didn't bet)
Seat 3: Player3_AwPh200 (small blind) folded before Flop
Seat 5: Player5_AwPh200 (big blind) folded before Flop
Seat 6: Player6_AwPh200 collected (7750000)
Seat 7: Player7_AwPh200 folded before Flop (didn't bet)


PokerStars Hand #1591225069: Tournament #1089228582, $100+$10 USD Hold'em No Limit - Level XXXVIII (1250000/2500000) - 2023/02/15 17:49:33 ET
Table '1089228582 9' 8-max Seat #3 is the button
Seat 1: Player1_AwPh200 (35631302 in chips)
Seat 3: Player3_AwPh200 (30971013 in chips)
Seat 5: Player5_AwPh200 (18581511.04 in chips)
Seat 6: Player6_AwPh200 (24867116.04 in chips)
Seat 7: Player7_AwPh200 (14748258.08 in chips)
Player1_AwPh200: posts the ante 300000
Player3_AwPh200: posts the ante 300000
Player5_AwPh200: posts the ante 300000
Player6_AwPh200: posts the ante 300000
Player7_AwPh200: posts the ante 300000
Player5_AwPh200: posts small blind 1250000
Player6_AwPh200: posts big blind 2500000
*** HOLE CARDS ***
Player7_AwPh200: folds
Player1_AwPh200: folds
Player3_AwPh200: folds
Player5_AwPh200: folds
Uncalled bet (1250000) returned to Player6_AwPh200
Player6_AwPh200 collected 4000000 from pot
Player6_AwPh200: doesn't show hand
*** SUMMARY ***
Total pot 4000000 | Rake 0
Seat 1: Player1_AwPh200 folded before Flop (didn't bet)
Seat 3: Player3_AwPh200 (button) folded before Flop (didn't bet)
Seat 5: Player5_AwPh200 (small blind) folded before Flop
Seat 6: Player6_AwPh200 (big blind) collected (4000000)
Seat 7: Player7_AwPh200 folded before Flop (didn't bet)


PokerStars Hand #1591225194: Tournament #1089228582, $100+$10 USD Hold'em No Limit - Level XXXVIII (1250000/2500000) - 2023/02/15 17:49:47 ET
Table '1089228582 9' 8-max Seat #5 is the button
Seat 1: Player1_AwPh200 (35331302 in chips)
Seat 3: Player3_AwPh200 (30671013 in chips)
Seat 5: Player5_AwPh200 (17031511.04 in chips)
Seat 6: Player6_AwPh200 (27317116.04 in chips)
Seat 7: Player7_AwPh200 (14448258.08 in chips)
Player1_AwPh200: posts the ante 300000
Player3_AwPh200: posts the ante 300000
Player5_AwPh200: posts the ante 300000
Player6_AwPh200: posts the ante 300000
Player7_AwPh200: posts the ante 300000
Player6_AwPh200: posts small blind 1250000
Player7_AwPh200: posts big blind 2500000
*** HOLE CARDS ***
Player1_AwPh200: raises 3750000 to 6250000
Player3_AwPh200: folds
Player5_AwPh200: folds
Player6_AwPh200: folds
Player7_AwPh200: folds
Uncalled bet (3750000) returned to Player1_AwPh200
Player1_AwPh200 collected 7750000 from pot
Player1_AwPh200: doesn't show hand
*** SUMMARY ***
Total pot 7750000 | Rake 0
Seat 1: Player1_AwPh200 collected (7750000)
Seat 3: Player3_AwPh200 folded before Flop (didn't bet)
Seat 5: Player5_AwPh200 (button) folded before Flop (didn't bet)
Seat 6: Player6_AwPh200 (small blind) folded before Flop
Seat 7: Player7_AwPh200 (big blind) folded before Flop


PokerStars Hand #1591225342: Tournament #1089228582, $100+$10 USD Hold'em No Limit - Level XXXVIII (1250000/2500000) - 2023/02/15 17:50:03 ET
Table '1089228582 9' 8-max Seat #6 is the button
Seat 1: Player1_AwPh200 (40281302 in chips)
Seat 3: Player3_AwPh200 (30371013 in chips)
Seat 5: Player5_AwPh200 (16731511.04 in chips)
Seat 6: Player6_AwPh200 (25767116.04 in chips)
Seat 7: Player7_AwPh200 (11648258.08 in chips)
Player1_AwPh200: posts the ante 300000
Player3_AwPh200: posts the ante 300000
Player5_AwPh200: posts the ante 300000
Player6_AwPh200: posts the ante 300000
Player7_AwPh200: posts the ante 300000
Player7_AwPh200: posts small blind 1250000
Player1_AwPh200: posts big blind 2500000
*** HOLE CARDS ***
Player3_AwPh200: folds
Player5_AwPh200: folds
Player6_AwPh200: folds
Player7_AwPh200: folds
Uncalled bet (1250000) returned to Player1_AwPh200
Player1_AwPh200 collected 4000000 from pot
Player1_AwPh200: doesn't show hand
*** SUMMARY ***
Total pot 4000000 | Rake 0
Seat 1: Player1_AwPh200 (big blind) collected (4000000)
Seat 3: Player3_AwPh200 folded before Flop (didn't bet)
Seat 5: Player5_AwPh200 folded before Flop (didn't bet)
Seat 6: Player6_AwPh200 (button) folded before Flop (didn't bet)
Seat 7: Player7_AwPh200 (small blind) folded before Flop


PokerStars Hand #1591225489: Tournament #1089228582, $100+$10 USD Hold'em No Limit - Level XXXVIII (1250000/2500000) - 2023/02/15 17:50:16 ET
Table '1089228582 9' 8-max Seat #7 is the button
Seat 1: Player1_AwPh200 (42731302 in chips)
Seat 3: Player3_AwPh200 (30071013 in chips)
Seat 5: Player5_AwPh200 (16431511.04 in chips)
Seat 6: Player6_AwPh200 (25467116.04 in chips)
Seat 7: Player7_AwPh200 (10098258.08 in chips)
Player1_AwPh200: posts the ante 300000
Player3_AwPh200: posts the ante 300000
Player5_AwPh200: posts the ante 300000
Player6_AwPh200: posts the ante 300000
Player7_AwPh200: posts the ante 300000
Player1_AwPh200: posts small blind 1250000
Player3_AwPh200: posts big blind 2500000
*** HOLE CARDS ***
Player5_AwPh200: folds
Player6_AwPh200: folds
Player7_AwPh200: folds
Player1_AwPh200: calls 1250000
Player3_AwPh200: checks
*** FLOP *** [Qd Kh Ah]
Player1_AwPh200: bets 3169333
Player3_AwPh200: calls 3169333
*** TURN *** [Qd Kh Ah] [3c]
Player1_AwPh200: checks
Player3_AwPh200: checks
*** RIVER *** [Qd Kh Ah 3c] [2s]
Player1_AwPh200: checks
Player3_AwPh200: checks
*** SHOW DOWN ***
Player1_AwPh200: shows [7c Ts]
Player3_AwPh200: shows [3h 5h]
Player3_AwPh200 collected 12838666 from pot
*** SUMMARY ***
Total pot 12838666 | Rake 0
Board [Qd Kh Ah 3c 2s]
Seat 1: Player1_AwPh200 (small blind) showed [7c Ts] and lost
Seat 3: Player3_AwPh200 (big blind) showed [3h 5h] and won (12838666)
Seat 5: Player5_AwPh200 folded before Flop (didn't bet)
Seat 6: Player6_AwPh200 folded before Flop (didn't bet)
Seat 7: Player7_AwPh200 (button) folded before Flop (didn't bet)


PokerStars Hand #1591226040: Tournament #1089228582, $100+$10 USD Hold'em No Limit - Level XXXVIII (1250000/2500000) - 2023/02/15 17:51:13 ET
Table '1089228582 9' 8-max Seat #3 is the button
Seat 1: Player1_AwPh200 (41711969 in chips)
Seat 3: Player3_AwPh200 (35390346 in chips)
Seat 5: Player5_AwPh200 (13331511.04 in chips)
Seat 6: Player6_AwPh200 (24867116.04 in chips)
Seat 7: Player7_AwPh200 (9498258.08 in chips)
Player1_AwPh200: posts the ante 300000
Player3_AwPh200: posts the ante 300000
Player5_AwPh200: posts the ante 300000
Player6_AwPh200: posts the ante 300000
Player7_AwPh200: posts the ante 300000
Player5_AwPh200: posts small blind 1250000
Player6_AwPh200: posts big blind 2500000
*** HOLE CARDS ***
Player7_AwPh200: folds
Player1_AwPh200: raises 2575992 to 5075992
Player3_AwPh200: folds
Player5_AwPh200: folds
Player6_AwPh200: folds
Uncalled bet (2575992) returned to Player1_AwPh200
Player1_AwPh200 collected 7750000 from pot
Player1_AwPh200: doesn't show hand
*** SUMMARY ***
Total pot 7750000 | Rake 0
Seat 1: Player1_AwPh200 collected (7750000)
Seat 3: Player3_AwPh200 (button) folded before Flop (didn't bet)
Seat 5: Player5_AwPh200 (small blind) folded before Flop
Seat 6: Player6_AwPh200 (big blind) folded before Flop
Seat 7: Player7_AwPh200 folded before Flop (didn't bet)


PokerStars Hand #1591226271: Tournament #1089228582, $100+$10 USD Hold'em No Limit - Level XXXIX (1500000/3000000) - 2023/02/15 17:51:37 ET
Table '1089228582 9' 8-max Seat #5 is the button
Seat 1: Player1_AwPh200 (3712296.04 in chips)
Seat 3: Player3_AwPh200 (35090346 in chips)
Seat 5: Player5_AwPh200 (11781511.04 in chips)
Seat 6: Player6_AwPh200 (22067116.04 in chips)
Seat 7: Player7_AwPh200 (9198258.08 in chips)
Player1_AwPh200: posts the ante 400000
Player3_AwPh200: posts the ante 400000
Player5_AwPh200: posts the ante 400000
Player6_AwPh200: posts the ante 400000
Player7_AwPh200: posts the ante 400000
Player6_AwPh200: posts small blind 1500000
Player7_AwPh200: posts big blind 3000000
*** HOLE CARDS ***
Player1_AwPh200: folds
Player3_AwPh200: folds
Player5_AwPh200: folds
Player6_AwPh200: folds
Uncalled bet (1500000) returned to Player7_AwPh200
Player7_AwPh200 collected 5000000 from pot
Player7_AwPh200: doesn't show hand
*** SUMMARY ***
Total pot 5000000 | Rake 0
Seat 1: Player1_AwPh200 folded before Flop (didn't bet)
Seat 3: Player3_AwPh200 folded before Flop (didn't bet)
Seat 5: Player5_AwPh200 (button) folded before Flop (didn't bet)
Seat 6: Player6_AwPh200 (small blind) folded before Flop
Seat 7: Player7_AwPh200 (big blind) collected (5000000)


PokerStars Hand #1591227091: Tournament #1089228582, $100+$10 USD Hold'em No Limit - Level XXXIX (1500000/3000000) - 2023/02/15 17:53:09 ET
Table '1089228582 9' 8-max Seat #3 is the button
Seat 3: Player3_AwPh200 (28990346 in chips)
Seat 5: Player5_AwPh200 (22363022.08 in chips)
Seat 6: Player6_AwPh200 (19379412.08 in chips)
Seat 7: Player7_AwPh200 (11116747.04 in chips)
Player3_AwPh200: posts the ante 400000
Player5_AwPh200: posts the ante 400000
Player6_AwPh200: posts the ante 400000
Player7_AwPh200: posts the ante 400000
Player5_AwPh200: posts small blind 1500000
Player6_AwPh200: posts big blind 3000000
*** HOLE CARDS ***
Player7_AwPh200: folds
Player3_AwPh200: folds
Player5_AwPh200: folds
Uncalled bet (1500000) returned to Player6_AwPh200
Player6_AwPh200 collected 4600000 from pot
Player6_AwPh200: doesn't show hand
*** SUMMARY ***
Total pot 4600000 | Rake 0
Seat 3: Player3_AwPh200 (button) folded before Flop (didn't bet)
Seat 5: Player5_AwPh200 (small blind) folded before Flop
Seat 6: Player6_AwPh200 (big blind) collected (4600000)
Seat 7: Player7_AwPh200 folded before Flop (didn't bet)


PokerStars Hand #1591227452: Tournament #1089228582, $100+$10 USD Hold'em No Limit - Level XXXIX (1500000/3000000) - 2023/02/15 17:53:51 ET
Table '1089228582 9' 8-max Seat #5 is the button
Seat 3: Player3_AwPh200 (28590346 in chips)
Seat 5: Player5_AwPh200 (20463022.08 in chips)
Seat 6: Player6_AwPh200 (22079412.08 in chips)
Seat 7: Player7_AwPh200 (10716747.04 in chips)
Player3_AwPh200: posts the ante 400000
Player5_AwPh200: posts the ante 400000
Player6_AwPh200: posts the ante 400000
Player7_AwPh200: posts the ante 400000
Player6_AwPh200: posts small blind 1500000
Player7_AwPh200: posts big blind 3000000
*** HOLE CARDS ***
Player3_AwPh200: folds
Player5_AwPh200: folds
Player6_AwPh200: calls 1500000
Player7_AwPh200: checks
*** FLOP *** [8s As 9s]
Player6_AwPh200: bets 3000000
Player7_AwPh200: calls 3000000
*** TURN *** [8s As 9s] [8d]
Player6_AwPh200: bets 7500000
Player7_AwPh200: folds
Uncalled bet (7500000) returned to Player6_AwPh200
Player6_AwPh200 collected 13600000 from pot
Player6_AwPh200: doesn't show hand
*** SUMMARY ***
Total pot 13600000 | Rake 0
Board [8s As 9s 8d]
Seat 3: Player3_AwPh200 folded before Flop (didn't bet)
Seat 5: Player5_AwPh200 (button) folded before Flop (didn't bet)
Seat 6: Player6_AwPh200 (small blind) collected (13600000)
Seat 7: Player7_AwPh200 (big blind) folded on the Turn


PokerStars Hand #1591230287: Tournament #1089228582, $100+$10 USD Hold'em No Limit - Level XXXIX (1500000/3000000) - 2023/02/15 18:00:14 ET
Table '1089228582 9' 8-max Seat #3 is the button
Seat 3: Player3_AwPh200 (22890346 in chips)
Seat 5: Player5_AwPh200 (28363022.08 in chips)
Seat 6: Player6_AwPh200 (22479412.08 in chips)
Seat 7: Player7_AwPh200 (8116747.04 in chips)
Player3_AwPh200: posts the ante 400000
Player5_AwPh200: posts the ante 400000
Player6_AwPh200: posts the ante 400000
Player7_AwPh200: posts the ante 400000
Player5_AwPh200: posts small blind 1500000
Player6_AwPh200: posts big blind 3000000
*** HOLE CARDS ***
Player7_AwPh200: folds
Player3_AwPh200: folds
Player5_AwPh200: folds
Uncalled bet (1500000) returned to Player6_AwPh200
Player6_AwPh200 collected 4600000 from pot
Player6_AwPh200: doesn't show hand
*** SUMMARY ***
Total pot 4600000 | Rake 0
Seat 3: Player3_AwPh200 (button) folded before Flop (didn't bet)
Seat 5: Player5_AwPh200 (small blind) folded before Flop
Seat 6: Player6_AwPh200 (big blind) collected (4600000)
Seat 7: Player7_AwPh200 folded before Flop (didn't bet)


PokerStars Hand #1591230635: Tournament #1089228582, $100+$10 USD Hold'em No Limit - Level XXXIX (1500000/3000000) - 2023/02/15 18:01:00 ET
Table '1089228582 9' 8-max Seat #5 is the button
Seat 3: Player3_AwPh200 (22490346 in chips)
Seat 5: Player5_AwPh200 (26463022.08 in chips)
Seat 6: Player6_AwPh200 (25179412.08 in chips)
Seat 7: Player7_AwPh200 (7716747.04 in chips)
Player3_AwPh200: posts the ante 400000
Player5_AwPh200: posts the ante 400000
Player6_AwPh200: posts the ante 400000
Player7_AwPh200: posts the ante 400000
Player6_AwPh200: posts small blind 1500000
Player7_AwPh200: posts big blind 3000000
*** HOLE CARDS ***
Player3_AwPh200: folds
Player5_AwPh200: folds
Player6_AwPh200: folds
Uncalled bet (1500000) returned to Player7_AwPh200
Player7_AwPh200 collected 4600000 from pot
Player7_AwPh200: doesn't show hand
*** SUMMARY ***
Total pot 4600000 | Rake 0
Seat 3: Player3_AwPh200 folded before Flop (didn't bet)
Seat 5: Player5_AwPh200 (button) folded before Flop (didn't bet)
Seat 6: Player6_AwPh200 (small blind) folded before Flop
Seat 7: Player7_AwPh200 (big blind) collected (4600000)


PokerStars Hand #1591230936: Tournament #1089228582, $100+$10 USD Hold'em No Limit - Level XXXIX (1500000/3000000) - 2023/02/15 18:01:39 ET
Table '1089228582 9' 8-max Seat #7 is the button
Seat 3: Player3_AwPh200 (18690346 in chips)
Seat 5: Player5_AwPh200 (25663022.08 in chips)
Seat 6: Player6_AwPh200 (22879412.08 in chips)
Seat 7: Player7_AwPh200 (14616747.04 in chips)
Player3_AwPh200: posts the ante 400000
Player5_AwPh200: posts the ante 400000
Player6_AwPh200: posts the ante 400000
Player7_AwPh200: posts the ante 400000
Player3_AwPh200: posts small blind 1500000
Player5_AwPh200: posts big blind 3000000
*** HOLE CARDS ***
Player6_AwPh200: raises 3000000 to 6000000
Player7_AwPh200: folds
Player3_AwPh200: folds
Player5_AwPh200: folds
Uncalled bet (3000000) returned to Player6_AwPh200
Player6_AwPh200 collected 9100000 from pot
Player6_AwPh200: doesn't show hand
*** SUMMARY ***
Total pot 9100000 | Rake 0
Seat 3: Player3_AwPh200 (small blind) folded before Flop
Seat 5: Player5_AwPh200 (big blind) folded before Flop
Seat 6: Player6_AwPh200 collected (9100000)
Seat 7: Player7_AwPh200 (button) folded before Flop (didn't bet)


PokerStars Hand #1591231045: Tournament #1089228582, $100+$10 USD Hold'em No Limit - Level XXXIX (1500000/3000000) - 2023/02/15 18:01:52 ET
Table '1089228582 9' 8-max Seat #3 is the button
Seat 3: Player3_AwPh200 (16790346 in chips)
Seat 5: Player5_AwPh200 (22263022.08 in chips)
Seat 6: Player6_AwPh200 (28579412.08 in chips)
Seat 7: Player7_AwPh200 (14216747.04 in chips)
Player3_AwPh200: posts the ante 400000
Player5_AwPh200: posts the ante 400000
Player6_AwPh200: posts the ante 400000
Player7_AwPh200: posts the ante 400000
Player5_AwPh200: posts small blind 1500000
Player6_AwPh200: posts big blind 3000000
*** HOLE CARDS ***
Player7_AwPh200: folds
Player3_AwPh200: raises 13390346 to 16390346 and is all-in
Player5_AwPh200: folds
Player6_AwPh200: calls 13390346
*** FLOP *** [5d 3s Kd]
*** TURN *** [5d 3s Kd] [9d]
*** RIVER *** [5d 3s Kd 9d] [7s]
*** SHOW DOWN ***
Player3_AwPh200: shows [8h Kc]
Player6_AwPh200: shows [8c 6s]
Player6_AwPh200 collected 35880692 from pot
*** SUMMARY ***
Total pot 35880692 | Rake 0
Board [5d 3s Kd 9d 7s]
Seat 3: Player3_AwPh200 (button) showed [8h Kc] and lost
Seat 5: Player5_AwPh200 (small blind) folded before Flop
Seat 6: Player6_AwPh200 (big blind) showed [8c 6s] and won (35880692)
Seat 7: Player7_AwPh200 folded before Flop (didn't bet)


